2150 3500
166 110 216 163 ιω
470 105 653 155 Ἦνοιοτοτ
904 104 968 171 [m
1043 64 1045 156 ἰ

167 190 269 249 έωιποΰ
292 184 431 245 δεσπότεα
453 184 513 261 μετ’
535 186 694 266 Αἰγυπτίων
715 184 877 248 ἐπαναστὰς
905 185 968 261 ἐφό-
1043 223 1044 242 ;

167 273 274 337 νευσε.”
307 276 390 332 τοῦτο
409 272 443 347 δη
457 270 491 331 τό
506 273 571 334 ἔπος
588 274 635 331 καί
651 271 752 349 αύτηὴ
768 272 844 347 αἰτίη
859 277 969 353 ἐγγενο-

166 363 237 441 μένη
253 359 342 442 ἤγαγε
360 359 523 436 Καμβύσεα
541 359 590 419 τόν
610 360 714 437 Κύρου,
729 358 862 441 μεγάλως
880 362 970 438 θυμω·

169 451 259 519 θέντα,
274 447 315 508 ἐπ’
324 449 475 527 Αἴγυπτον.
505 446 576 506 οὕτω
588 446 641 524 μέν
652 473 701 507 νυν
713 449 833 529 λέγουσι
846 448 969 525 Πέρσαι

135 541 154 600 2
167 536 316 619 Αἰγύπτιοι
329 534 358 597 δὲ
374 538 541 611 οἰκηῖεΰνται
554 534 725 612 Καμβύσεα,
739 535 866 612 φάμενοί
874 562 926 612 μιν
941 540 970 595 ἔκ
1044 571 1045 574 ¹

167 624 271 701 ταύτης
291 624 325 699 δὴ
344 626 395 699 τῆς
411 620 532 699 Ἀπρίεω
555 623 692 704 θυγατρός
709 624 853 703 γενέσθαι·
874 627 971 700 Κῦρον

167 713 224 797 γάρ
248 712 317 773 εἰναι
338 710 389 770 τόν
414 710 565 787 πέμψαντα
591 709 668 788 παρὰ
690 710 819 787 Ἀμασιν
846 710 895 769 ε’πί
920 710 971 786 τήν
1045 777 1046 784 ¹

169 801 315 883 θυγατέρα,
334 796 400 857 ἀλλ’
416 798 449 858 ού
468 798 641 876 Καμβύσεα.
675 800 806 880 λέγοντες
823 798 970 868 δὲταῦτα

169 888 219 950 ούκ
233 886 321 965 όρθῶς
337 886 465 966 λέγουσι.
499 885 532 945 ού
541 885 603 963 ’μὴν
616 885 679 946 ούδέ
691 886 797 962 λέληθε
810 884 924 956 αύτούς,
937 887 971 966 (εἰ

168 974 224 1057 γάρ
246 999 318 1037 τινες
345 973 391 1033 καὶ
413 973 508 1044 ἄλλοι,
528 974 564 1033 τά
587 974 722 1051 Περσέων
747 973 855 1050 νόμιμα
882 973 971 1051 ὀρθῶς

169 1063 332 1125 ἐπιστέαται
349 1060 395 1119 καὶ
410 1059 580 1142 Αἰγύπτιοι)
593 1060 637 1122 ὅτι
653 1065 750 1139 πρῶτα
764 1063 818 1138 μὲν
834 1060 924 1121 νόθον
940 1060 972 1121 οὔ

170 1158 227 1227 σφι
252 1149 338 1228 νόμος
364 1149 427 1209 ἐστὶ
451 1150 638 1224 βασιλείσαι,
664 1150 783 1229 γνησίου
808 1148 971 1225 παρεόντος·

171 1238 248 1303 αὖτις
260 1238 298 1310 δὲ,
309 1237 353 1299 ότι
366 1236 574 1313 Κασσανδάνης
584 1240 636 1313 τῆς
644 1236 820 1314 Φαρνάσπεω
832 1238 973 1318 θυγατρός

171 1327 207 1405 ἦν
225 1330 292 1391 παῖς
311 1324 482 1403 Καμβύσης,
500 1323 600 1401 ἀνδρός
616 1323 822 1403 Ἀχαιμενιδεω,
838 1323 909 1383 ἀλλ’
922 1324 972 1385 σύκ

170 1421 202 1477 ἐκ
218 1420 271 1492 τῆς
286 1413 448 1496 Αἰγυπτίης·
483 1410 561 1471 ἀλλὰ
578 1413 790 1490 παρατρέπουσι
806 1412 858 1473 τόν
873 1410 972 1495 λόγον,
1028 1430 1048 1474 ἢ

169 1502 406 1582 προσποιεύμενοι
418 1504 453 1580 τῇ
467 1498 563 1577 Κύρου
575 1501 648 1580 οἰκίη
657 1501 805 1581 συγγενέες
817 1500 899 1560 εἰναι.
927 1502 973 1561 καί
1047 1509 1048 1562 f

136 1593 258 1652 3τσΰτα
274 1592 327 1666 μὲν
344 1586 397 1647 ὧδε
417 1589 484 1666 ἔχει.
517 1588 639 1669 Λέγεται
658 1588 688 1647 δὲ
708 1588 756 1647 καὶ
772 1587 819 1648 ὅδε
836 1587 854 1649 ὁ
875 1588 971 1669 λόγος,

171 1677 235 1752 ἐμοὶ
254 1679 307 1754 μὲν
328 1673 361 1735 ού
381 1674 506 1739 πιθανός·
534 1674 571 1739 ῶς
590 1679 646 1737 τῶν
667 1675 815 1754 Περσιδων
833 1681 973 1758 γυναικοῖν

172 1762 331 1828 ἐσελθοῦσά
344 1788 386 1827 τις
398 1763 474 1840 παρὰ
486 1762 536 1829 τοίς
550 1764 647 1842 Κύρου
657 1767 797 1846 γυναῖκας,
811 1763 848 1828 ῶς
864 1764 922 1825 εἶδε
936 1769 973 1843 τῇ

171 1851 365 1930 Κασσανδάνῃ·
376 1855 559 1928 παρεστεῶτα
571 1853 655 1914 τέκνα
667 1851 772 1912 εύειδέα
782 1877 814 1912 τε
827 1854 876 1912 καὶ
887 1854 972 1935 μιγά-

171 1947 219 2014 λα,
238 1943 338 2020 πολλῷ
358 1943 460 2019 ,έχρᾶτο
480 1943 519 2019 τῷ
539 1941 640 2020 ἐπαίνῳ
659 1938 929 2018 ύπερθωυμόζοοσα·
952 1940 972 2017 ἦ

172 2031 203 2092 δὲ
220 2027 421 2105 Κασσανδάνη,
436 2031 524 2088 εὀῦσα
540 2031 591 2088 τού
609 2028 705 2106 Κύρου
720 2027 799 2110 γυνη,
816 2028 879 2088 εἰπε
895 2029 971 2089 τάδε·

171 2119 309 2182 “τοιῶνδε
325 2118 422 2196 μέντοι
439 2118 488 2193 έμὲ
505 2116 611 2177 παίδων
628 2116 736 2194 μητέρα
754 2120 859 2177 έοῦσαν
877 2120 973 2194 Κῦρος

171 2212 201 2270 έν
220 2207 316 2286 σῖτιμίη
336 2207 402 2285 ἔχει·
425 2204 477 2281 τὴν
496 2204 519 2264 δ’
540 2204 587 2264 ἀπ’
608 2205 752 2286 Αἰγύπτου
772 2205 923 2282 ἐπίκτητον
942 2210 973 2265 έν

169 2300 238 2375 τιμῇ
249 2293 380 2356 τίθεται.”
412 2293 465 2369 τήν
477 2295 529 2369 μὲν
542 2292 702 2372 α’χθομένην
713 2296 749 2371 τῇ
762 2291 866 2369 Νιτήτι
883 2296 971 2353 εἰπεῖν

171 2388 268 2444 ταῦτα·
294 2386 350 2442 τῶν
369 2382 400 2440 δέ
423 2384 451 2440 οἰ
472 2381 579 2441 παίδων
597 2380 647 2442 τόν
669 2380 865 2458 πρεσβύτερον
881 2383 972 2440 εἰπεῖν

172 2468 344 2547 Καμβύσεα·
366 2479 385 2504 “
392 2467 489 2549 τοιγάρ
502 2495 556 2538 τοι,
571 2467 593 2527 ὦ
608 2472 706 2547 μῆτερ,
721 2466 806 2528 ἐτεόν
822 2467 877 2548 ἔγιό
889 2468 972 2549 γένω-

170 2585 223 2637 μαι
238 2556 317 2633 σῖνῆρ,
330 2554 474 2637 Αἰγύπτου
491 2555 527 2616 τῶ
545 2559 597 2633 μὲν
614 2555 670 2617 ἅνω
689 2555 762 2616 κάτω
780 2555 870 2633 θύσω,-
886 2555 923 2616 τιὶ
941 2556 972 2616 δὲ

171 2645 245 2706 κόπω
264 2641 345 2705 όνω.”
376 2647 464 2704 ταῦτα
485 2646 572 2704 εἰπεῖν
590 2643 676 2706 αύτδν
694 2645 757 2704 έτεα
779 2643 815 2708 ῶς
834 2644 902 2703 δέκα
921 2669 972 2703 κου

171 2732 315 2817 γεγονότα,
327 2731 373 2792 καὶ
385 2731 435 2796 ταὶς
447 2735 579 2815 γυναῖκας
592 2737 622 2793 ἔν
634 2730 758 2809 θαύματι
767 2731 908 2813 γενέσθαι·
922 2730 972 2792 τόν

171 2823 203 2882 δὲ
222 2818 482 2900 διαμνημονεύοντα,
498 2819 570 2880 οὕτω
588 2820 632 2896 δή,
651 2821 714 2880 ἐπεί
730 2845 762 2880 τε
779 2818 907 2897 όνδριόθη
925 2818 972 2878 καί

29 2969 30 2974 ,
171 2911 239 2990 ἔσχε
257 2909 310 2986 τήν
328 2908 494 2986 βασιληίην,
507 2906 685 2985 ποιήσασθαι
701 2906 755 2984 τὴν
772 2905 815 2967 ἔπ’
828 2907 973 2988 Αἴγυπτον

29 3009 30 3091 γ
172 2997 334 3076 στρατηίην.

137 3086 156 3144 4
211 3083 357 3159 Συνήνεικε
370 3083 400 3142 δὲ
410 3083 456 3142 καὶ
465 3080 541 3140 ἄλλο
552 3107 580 3141 τι
592 3080 699 3142 τοιόνδε
712 3084 831 3162 πρῆγμα
840 3081 973 3163 γενέσθω

171 3174 200 3232 ἔς
210 3170 262 3246 τὴν
273 3169 487 3246 ἐπιστράτευσιν
498 3167 609 3243 ταύτην.
640 3167 677 3243 ἦν
685 3172 741 3229 τῶν
754 3168 906 3245 ἐπικούρων
916 3172 973 3230 τῶν

169 3253 308 3329 Ἀμάσιος
320 3255 390 3332 ἀνὴρ
402 3255 484 3336 γένος
495 3255 548 3331 μὲν
558 3253 810 3332 Ἁλικαρνησσεύς,
823 3255 932 3333 σύνορα
943 3255 974 3317 δέ
