2150 3500
145 105 177 150 ιι
456 99 641 150 mmor
917 94 959 159 [L

95 179 134 239 87
145 179 183 238 ἐτι
200 181 249 238 τοῦ
267 177 353 256 πυρός
369 182 563 256 ἐπικρατῆσαι.
604 176 743 237 Ἐνθαῦτα
759 174 873 255 λέγεται
890 172 960 235 §aa

127 301 131 309 -
144 266 249 335 Λυδῶν,
264 270 390 346 Κροῖσον
403 266 528 341 μαθόντα
541 264 594 341 τῆν
607 263 702 341 Κόρου
714 261 900 341 μετάγνωσιν,
915 261 959 326 ὦς

145 354 202 430 ὥρα
215 353 306 414 πάντα
318 355 371 430 μὲν
387 351 473 429 άνδρα
486 351 644 428 σβεννύντα
655 351 689 410 τό
707 355 763 427 πῦρ
782 350 959 424 δυναμένους

146 442 176 500 δὲ
189 439 280 500 οὐκέτι
293 442 473 516 καταλαβεῖν,
494 438 694 516 ἐπιβώσασθαι
711 437 761 498 τόν
777 435 957 497 Ἀπόλλωνα

146 527 369 607 ἐπικαλεόμενον,
393 528 460 588 εἴτι
476 532 503 588 οἱ
518 528 721 606 κεχαρισμένον
738 525 769 594 ἐξ
783 523 869 583 αὐτοῦ
885 525 957 584 ἐδω-

144 616 225 694 ρήθη,
236 621 415 694 παραστῆναι
425 618 471 675 καὶ
480 615 627 694 ῥύσασθαί
633 639 685 691 μεν
696 619 726 673 ἐκ
736 616 786 672 τοῦ
796 611 956 688 παρεόντος

146 709 240 764 κακοῦ·
266 705 316 765 τόν
337 706 390 780 μὲν
410 703 563 781 δακρύοντα
584 701 781 762 ἐπικαλέεσθαι
800 699 851 759 τόν
874 700 954 760 θεόν·

146 797 177 851 ἐκ
193 792 223 851 δέ
239 792 347 868 αἰθρίης
362 817 394 851 τε
410 792 456 850 καὶ
473 792 602 868 νηνεμίης
622 790 802 866 συνδραμέειν
818 787 955 865 ἐξαπίνης
987 807 993 814 ·

145 880 240 955 νέφεα,
254 880 300 938 καὶ
314 878 438 957 χειμῶνά
454 905 486 939 τε
503 881 710 958 καταρραγῆναι
725 877 771 935 καὶ
786 873 855 935 ῦσαι
867 874 952 936 ὕδατι

147 964 325 1044 λαβροτάτῳ,
353 966 589 1041 κατασβεσθῆναί
611 991 644 1025 τε
665 963 719 1040 τῆν
744 962 844 1041 πυρήν·
877 963 954 1024 οῦτω

146 1054 180 1130 δῆ
200 1053 327 1131 μαθόντα
341 1052 392 1113 τόν
405 1057 500 1130 Κῦρον
513 1052 550 1116 ὥς
563 1053 605 1128 εἴη
621 1051 637 1113 ό
650 1056 777 1129 Κροῖσος
794 1051 840 1111 καὶ
853 1051 953 1126 θεοφι·

145 1142 200 1218 λῆς
222 1142 269 1201 καὶ
291 1140 361 1220 οἷνῆρ
384 1141 497 1223 ἀγαθός,
522 1139 760 1217 καταβιβάσαντα
782 1137 867 1199 αὐτόν
890 1137 952 1199 άπδ

145 1234 195 1305 τῆς
227 1233 316 1307 πυρῆς
343 1229 467 1308 εἴρεσθαι
495 1229 571 1289 τάδε·
605 1231 744 1304 ((Κροῖσε,
770 1226 813 1290 τίς
837 1251 873 1285 σε
899 1224 949 1286 άν-

146 1317 261 1396 θράπων
272 1317 470 1400 άνέγνωσειέπὶ
482 1321 537 1398 γῆν
549 1315 601 1392 τῆν
614 1315 683 1392 ἐμῆν
702 1313 952 1391 στρατευσάμενον

145 1407 281 1482 πολέμιον
301 1406 363 1466 άντὶ
382 1406 470 1482 φίλου
489 1405 552 1480 ἐμοὶ
573 1401 773 1479 καταστῆναι;”
794 1401 858 1462 όδὶ
877 1401 951 1460 εἶπε·

146 1492 189 1552 “ὥ
208 1495 341 1570 βασιλεῦ,
362 1492 417 1573 ἐγω
436 1496 524 1551 ταῦτα
543 1491 649 1568 ἔπρηξα
673 1493 710 1568 τῇ
730 1493 771 1568 σῇ
789 1491 841 1567 μὲν
860 1487 950 1548 εῦδαι-

146 1581 228 1658 μονίη
241 1584 276 1658 τῆ
291 1583 425 1655 ἐμεωυτοῦ
436 1579 466 1637 δὲ
480 1578 686 1656 κακοδαιμονίῃ·
704 1578 790 1641 αἴτιος
803 1577 833 1636 δὲ
845 1575 951 1637 τούτων

149 1668 256 1749 ἐγένετο
270 1666 286 1726 ό
300 1665 444 1742 Ἐλλήνων
458 1664 521 1730 θεός
534 1667 662 1742 ἐπαείρας
675 1667 724 1742 ἐμὲ
735 1663 950 1742 στρατεύεσθαι.

148 1755 236 1819 οὐδεὶς
255 1754 311 1836 γάρ
333 1753 404 1815 οὕτω
425 1753 541 1831 ἀνόητός
561 1760 624 1815 ἐστι
639 1755 670 1818 ὅς
689 1779 732 1817 τις
752 1752 878 1829 πόλεμον
891 1751 950 1830 πρό

148 1842 256 1920 εἰρήνης
279 1842 419 1920 αἱρέεται··
436 1847 465 1902 ἐν
490 1844 543 1919 μὲν
566 1842 622 1923 γάρ
648 1846 684 1921 τῆ
712 1845 740 1901 οἱ
764 1842 861 1904 παῖδες
884 1839 951 1905 τοῦς

145 1931 266 2009 πατέρας
279 1930 428 1990 θάπτουσι·
449 1934 479 1989 ἐν
492 1930 523 1988 δὲ
534 1934 581 2007 τῷ,
592 1933 620 1989 οἱ
633 1929 750 2006 πατέρες
761 1928 826 1991 τοῦς
838 1927 949 1992 παῖδας.

147 2018 224 2077 ἀλλὰ
235 2021 323 2079 ταῦτα
336 2017 453 2093 δαίμοσί
465 2042 514 2077 κου
527 2015 660 2093 φίλονῆν
673 2016 744 2076 οὕτω
755 2013 914 2097 γενέσθαι.”

101 2108 138 2167 88
185 2104 221 2165 ‘0
231 2109 283 2184 μὲν
291 2109 380 2167 ταῦτα
393 2107 482 2187 ἔλεγε.
510 2108 605 2182 Κῦρος
614 2104 645 2163 δὲ
654 2103 739 2165 αὐτόν
748 2102 840 2167 λόσας
850 2101 950 2164 κάτισέ

147 2220 179 2255 τε
194 2194 276 2277 ἐγγός
289 2196 389 2266 Ιἐωυτοῦ
403 2195 449 2253 καὶ
463 2192 552 2271 κάρτα
564 2198 595 2252 ἐν
610 2195 708 2269 πολλῇ
723 2191 867 2269 προμηθίῃ
881 2190 949 2270 εἶχε,

147 2279 328 2359 άπεθάυμαζέ
344 2306 377 2341 τε
392 2281 478 2359 όρέων
494 2281 540 2339 καὶ
559 2278 642 2343 αὐτός
659 2280 706 2338 καὶ
721 2282 749 2337 οἱ
765 2278 830 2356 περὶ
846 2281 950 2338 ἐκεῖνον

149 2368 238 2432 ἐόντες
257 2369 368 2431 πάντες.
409 2367 426 2427 ό
446 2368 476 2427 δὲ
495 2368 610 2445 συννοίῃ
628 2366 761 2446 ἐχόμενος
777 2366 886 2445 ἥσυχος
902 2364 949 2442 ἦν·

147 2454 218 2532 μετά
237 2456 275 2525 δὲ,
294 2455 478 2532 ἐπιστραφείς
495 2480 527 2514 τε
545 2454 592 2513 καὶ
610 2454 734 2531 ἰδόμενος
750 2454 816 2517 τοῦς
833 2454 951 2531 Πέρσας

147 2542 181 2603 τό
198 2545 253 2602 τῶν
269 2542 367 2603 Λυδῶν
384 2541 457 2602 ἄστυ
473 2542 648 2620 κεραΐζοντας
663 2543 733 2602 εἶπε·
754 2541 799 2602 “ὦ
814 2542 950 2618 βασιλεῦ,

148 2629 247 2706 κότερα
259 2630 353 2711 λέγειν
365 2629 436 2708 πρδς
450 2632 485 2690 σέ
497 2630 533 2690 τά
547 2630 631 2692 νοέων
642 2629 778 2711 τυγχάνω,
792 2628 811 2707 ἢ
823 2632 910 2710 σιγᾶν
920 2632 951 2689 ἐν

147 2722 186 2796 τῷ
198 2717 329 2796 παρεόντι
341 2717 398 2799 χρῆ
408 2716 434 2787 ;”
455 2721 550 2795 Κῦρος
563 2719 596 2778 δέ
608 2743 657 2796 μιν
671 2720 828 2796 θαρσέοντα
840 2717 952 2777 ἐκέλευε

147 2807 240 2887 λέγειν
260 2806 277 2866 ό
295 2832 324 2867 τι
343 2805 491 2883 βούλοιτο·
517 2806 534 2867 ό
559 2806 590 2866 δὲ
612 2804 698 2867 αὐτόν
720 2805 826 2883 εἶράτα,
846 2804 949 2885 λέγων·

149 2892 250 2959 “οῦτος
269 2893 286 2955 ό
307 2894 416 2958 πολλός
437 2892 536 2969 ὅμιλος
554 2894 586 2954 τί
605 2898 694 2955 ταῦτα
716 2892 828 2971 σπουδῇ
847 2895 950 2971 πολλῇ

149 2981 292 3063 ἐργάζεται
300 2980 328 3052 ;”
348 2980 365 3041 ό
377 2981 407 3040 δὲ
421 2981 489 3039 εἶπε·
506 2980 613 3041 “ττόλιν
624 3006 657 3041 τε
668 2980 721 3055 τῆν
733 2979 791 3055 σῆν
804 2978 950 3056 διαρπάζει

149 3070 195 3127 καὶ
213 3069 345 3147 χρήματα
363 3068 399 3127 τά
419 3066 459 3126 σοὶ
479 3065 651 3142 διαφορέει·”
671 3069 798 3142 Κροῖσος
821 3066 852 3125 δὲ
871 3064 950 3141 όμεί-

148 3156 229 3231 βετο·
255 3154 339 3215 “οῦτε
355 3154 440 3214 πόλιν
454 3152 507 3229 τῆν
522 3152 593 3228 ἐμῆν
608 3150 672 3212 οὔτε
687 3151 820 3229 χρήματα
838 3150 874 3210 τά
894 3151 949 3226 ἐμά

148 3239 301 3316 διαρπάζει·
327 3238 479 3318 οὐδὲνγὰρ
500 3237 564 3314 ἐμοὶ
582 3237 624 3297 ἔτι
640 3237 745 3297 τούτων
763 3239 844 3312 μέτα·
868 3234 948 3295 άλλά
