2150 3500
169 103 218 152 ιιι
459 101 642 152 Ἢνοιοτον
913 99 977 164 [ιν.

167 205 248 256 μενοι
267 179 314 239 καὶ
333 183 363 240 ἐν
378 179 486 256 θάματι
506 181 592 240 έσκον
609 177 680 257 ὀρθοὶ
698 177 828 242 ἱστάντες
848 178 887 240 τά
908 179 978 240 ὦτα·

168 266 217 327 ἅτε
231 267 294 328 οὔτε
307 267 476 331 ἀκούσαντες
495 267 634 345 πρότερον
654 271 749 342 φωνῆς
764 266 899 344 τοιαύτης
913 269 978 330 ούτε

168 356 270 421 ἰδόντες
282 383 315 417 το
306 356 409 420 εἶδος.
442 361 530 416 ταῦτα
542 356 595 433 μέν
608 381 656 415 νυν
669 355 715 414 ἐπὶ
728 359 854 432 σμικρόν
866 382 896 415 τι
911 359 976 434 ἐφέ-

166 471 249 519 ροντο
261 472 311 506 του
298 446 462 521 πολέμου.

122 535 178 591 130
221 536 259 592 Οί
270 533 301 591 δέ
310 532 446 595 Σκύθαι
430 557 499 596 οκως
510 556 577 593 τους
589 531 705 644 Πέρσας
717 531 804 590 ἴδοιεν
817 532 975 610 τεθορυβη-

165 622 271 697 μένους,
287 620 332 679 ἶνα
349 620 536 698 παραμένοιέν
556 645 587 686 τε
606 624 651 678 ἐπι
641 619 747 679 πλέω
765 619 871 698 χρόνον
889 626 920 682 ἐν
939 626 976 701 τῇ

166 709 288 787 Σκυθικῇ
316 709 362 768 καὶ
389 709 595 786 παραμένοντες
623 705 749 786 ἀνιῴατο,
778 711 835 767 τῶν
862 709 976 771 πάντων

94 803 99 810 ’
167 796 303 859 ἐπιδευέες
323 796 421 874 ἐόντες,
441 796 551 856 ἐποίευν
570 795 673 855 τοιάδε·
695 795 764 859 ὅκως
784 800 841 855 τῶν
861 799 974 874 προβά-

163 909 219 943 των
239 887 295 944 τῶν
322 885 467 960 σφετέρων
494 883 585 944 αύτῶν
612 883 792 944 καταλίποιεν
816 885 892 960 μετά
918 890 974 948 τῶν

165 974 280 1049 νομέων,
299 972 378 1032 αὐτοὶ
394 970 428 1032 ἂν
445 971 638 1048 ὗπεξήλαυνον
659 975 685 1034 ἐς
703 969 795 1031 άλλον
814 977 923 1051 χῶρον·
947 979 974 1035 οἷ

165 1061 195 1118 δὲ
214 1058 249 1121 ἂν
269 1062 381 1138 Πέρσαι
401 1059 566 1123 ἐπελθόντες
590 1059 749 1135 ἐλάβεσκον
769 1059 805 1119 τά
826 1062 972 1138 πρόβατα,

118 1150 172 1206 131
184 1149 230 1207 καὶ
242 1149 384 1224 λαβόντες
400 1148 537 1227 ἐπήροντο
556 1145 590 1208 ἂν
605 1151 645 1226 τῷ
660 1149 847 1228 πεποιημένῳ.
892 1156 973 1211 Πολ-

164 1235 295 1307 λάκις,δέ
314 1237 442 1300 τοιούτου
466 1237 621 1318 γινομένου,
645 1236 727 1298 τέλος
747 1237 867 1314 Δαρεῖός
888 1265 922 1298 τε
943 1245 973 1300 ἐν

163 1324 299 1406 ἀπορίῃσι
313 1328 411 1408 εἴχετο,
426 1326 472 1385 καὶ
485 1329 511 1385 οἱ
529 1326 658 1389 Σκυθέων
675 1326 817 1400 βασιλῆες
831 1326 973 1402 μαθόντες

163 1418 255 1486 τοῦτο,
290 1416 415 1492 ἔπεμπον
448 1413 555 1491 κήρυκα
588 1413 663 1490 δῶρα
690 1413 798 1492 Δαρείῳ
834 1414 970 1490 φέροντα,

163 1500 261 1578 ὄρνιθά
279 1529 312 1564 τε
327 1504 374 1562 καὶ
390 1507 446 1580 μῦν
464 1502 510 1562 καὶ
527 1501 675 1579 βάτραχον
689 1501 734 1560 καὶ
747 1499 861 1564 ὀϊστούς
873 1503 970 1564 πέντε·

110 1607 114 1612 ’
163 1590 275 1666 Πέρσαι
302 1589 332 1649 δέ
353 1591 403 1651 τόν
427 1591 551 1666 φέροντα
572 1587 609 1650 τά
631 1589 705 1666 δῶρα
732 1588 896 1665 ἐπειρώτεον
920 1591 971 1652 τὸν

162 1675 227 1736 νόον
244 1682 301 1737 τῶν
316 1678 474 1757 διδομένων·
497 1676 513 1738 ό
534 1677 564 1738 δέ
583 1677 661 1736 οὐδὲν
675 1679 730 1753 ἔφη
748 1679 775 1736 οἶ
792 1678 969 1738 ἐπεστάλθαι

162 1763 239 1825 ἄλλο
259 1763 279 1841 ἢ
299 1766 383 1827 δόντα
401 1767 454 1842 τὴν
473 1767 613 1845 ταχίστην
633 1764 889 1828 ἀπαλλάσσεσθαι·
921 1767 969 1827 αύ-

161 1851 225 1916 τούς
239 1853 269 1912 δέ
286 1853 352 1917 τούς
369 1854 485 1931 Πέρσας
498 1855 617 1924 ἐκέλευε,
632 1857 655 1913 εί
673 1854 764 1929 σοφοί
784 1857 849 1923 εἰσι,
862 1858 968 1934 γνῶναι

118 1942 214 2001 132τὸ
235 1943 327 2003 ἐθέλει
345 1941 382 2004 τά
403 1943 478 2021 δῶρα
496 1943 599 2023 λέγειν.
641 1945 728 2018 ταῦτα
746 1940 919 2006 ἀκούσαντες
939 1947 968 2003 οἱ

164 2032 277 2109 Πέρσαι
301 2031 496 2107 ἐβουλεύοντο.
540 2032 660 2107 Δαρείου
681 2030 733 2107 μέν
754 2040 803 2091 νυν
822 2029 842 2106 ἦ
867 2031 967 2109 γνιύμη

160 2118 204 2195 ἦν,
219 2120 328 2185 Σκύθας
346 2124 434 2199 ἐωυτιξ
453 2120 557 2180 διδότω
571 2119 663 2195 σφέας
679 2144 710 2179 τε
728 2144 827 2182 αυτους
845 2120 892 2178 καὶ
911 2125 968 2201 γῆν

162 2233 194 2267 τε
207 2210 253 2268 καὶ
266 2209 346 2287 ὕδωρ·
368 2208 480 2279 εἰκάζων
492 2207 568 2287 τῇδε,

161 2296 268 2373 καρπόν
280 2298 330 2358 τόν
343 2296 427 2358 αύτδν
439 2296 574 2375 όνθρόπῳ
591 2295 760 2372 σιτεόμενος,
766 2295 921 2373 βάτραχος
934 2297 966 2357 δέ

161 2388 191 2441 ἐν
210 2383 298 2454 ὕδατι,
319 2384 393 2461 ὅρνις
419 2386 449 2444 δὲ
475 2384 604 2461 μάλιστα
631 2384 703 2443 ἔοικε
728 2382 811 2463 ἵππῳ·
834 2382 913 2447 ’τούς
933 2384 965 2445 δέ

159 2468 281 2540 όῖστούς,
296 2471 332 2534 οἷς
346 2472 399 2546 τὴν
419 2474 525 2532 ἑωυτῶν
542 2471 633 2546 ἄλκην
652 2471 848 2549 παραδιδοῦσι.
891 2472 964 2548 αὕτη

157 2558 210 2633 μέν
223 2559 342 2637 -Δορείῳ
362 2557 383 2633 ἦ
405 2558 503 2639 γνώμη
523 2559 698 2621 α’πεδέδεκτο·
733 2557 904 2634 συνεστήκεε
932 2560 964 2619 δὲ

159 2643 246 2724 ταύτῃ
263 2648 300 2725 τῇ
317 2646 414 2727 γνώμῃ
432 2646 451 2723 ἤ
467 2649 615 2725 Γωβρύεω,
629 2651 684 2709 τῶν
698 2648 804 2725 ἀνδρῶν
819 2650 875 2707 τῶν
889 2647 961 2707 ἑπτά

159 2733 218 2797 ἐνδς
230 2738 285 2795 τῶν
298 2733 348 2796 τόν
360 2735 464 2816 Μάγον
476 2736 656 2807 κατελόντων,
671 2735 823 2806 εἰκάζοντος
835 2734 871 2795 τὰ
885 2734 962 2811 δῶρα

161 2822 264 2903 λέγειν·
285 2822 343 2900 “ἣν
355 2822 395 2901 μὴ
412 2824 519 2903 ὄρνιθες
533 2824 677 2935 γενόμενοι
690 2823 854 2899 ἀναπτῆσθε
869 2827 897 2889 ἐς
909 2823 961 2883 τόν

147 2905 323 2986 οὐρανόν,
303 2940 325 2971 ω
343 2912 495 2989 Πέρσαι,
477 2940 496 2989 η
510 2912 578 2989 μύες
593 2913 737 2993 γενόμενοι
756 2936 826 2972 κατα
841 2914 893 2986 τῆς
908 2937 961 2991 γης

158 2996 364 3071 καταδύητε,
345 3024 365 3073 η
389 3000 532 3103 βάτραχοι
557 3000 701 3079 γενόμενοι
727 3006 755 3065 ἐς
780 2998 830 3063 τοὶς
857 3000 960 3075 λίμνας

157 3081 399 3157 ἕσπηδήσητε,’
367 3111 417 3144 ουκ
437 3085 649 3161 ἀπονοστήσετε
675 3087 767 3149 όπίσω
793 3085 848 3147 ύπδ
873 3087 958 3147 τῶνδε

154 3166 211 3221 τῶν
243 3168 418 3243 τοξευμάτων
450 3171 656 3247 βαλλόμενοι.η
697 3174 810 3251 Πέρσαι
841 3176 895 3249 μὲν
924 3173 957 3249 δη

155 3245 226 3304 οὕτω
238 3275 275 3307 τα
265 3252 362 3328 δῶρα
375 3256 488 3325 εἴκαζον.
