2150 3500
178 109 227 157 244
481 107 666 157 ἨΡΟΔΟΊὈΤ
906 100 967 167 [HL

175 186 274 247 λοιποὶ
285 188 341 247 τῶν
351 184 421 246 ἐπτά
434 187 620 263 ἐβουλεύοντο
633 185 669 248 ὦς
676 186 806 263 βασιλέα
818 182 971 245 δικαιότατα

175 274 341 351 στήσονται·
362 274 410 332 καί
421 282 477 349 σφι
491 274 575 345 ἔδοξε,
588 273 694 352 Ὀτάνη
706 275 759 350 μέν
772 274 820 332 καὶ
833 276 910 332 τοῖσι
922 272 973 332 άπό

176 361 297 421 Ὀτάνεω
322 361 376 420 αίεὶ
400 363 583 441 γινομένοισι,
608 359 644 437 ἢν
667 366 695 423 ἐς
721 359 815 421 ἄλλον
838 359 902 420 τινά
926 365 974 419 τόν

177 449 247 508 ἑπτά
260 450 330 528 ἐλθη
342 448 361 524 ἦ
374 450 524 525 βασιληίη,
540 449 666 525 ἐξαίρετα
684 448 816 508 δίδοσθαι
830 447 939 523 ἐσθῆτά
948 474 976 507 τε

179 536 310 613 Μηδικήν
329 537 403 600 ἔτεος
428 536 556 609 ἑκάστου,
579 538 626 595 καὶ
648 536 700 612 τήν
719 540 819 596 πάσαν
839 534 977 613 δυρεηνῆ

177 626 282 706 γίνεται
305 629 334 684 ἐν
357 625 491 703 Πέρσησι
516 622 679 702 τιμιωτάτη.
719 624 802 683 τοῦδε
826 624 859 683 δέ
882 624 979 684 εἵνεκεν

178 710 388 787 ἐβουλεύσαντό
408 715 436 771 οἱ
453 712 584 773 δίδοσθαι
600 716 696 783 ταῦτα,
711 710 754 771 ότι
770 710 935 787 ἐβούλευσέ
951 736 980 771 τε

177 803 286 877 πρῶτος
302 800 336 860 τό
357 804 476 881 πρῆγμα
497 801 545 860 καὶ
564 800 724 875 συνέστησε
744 798 854 862 αι’τοός.
896 803 981 859 ταῦτα

177 886 276 963 μὲνδὴ
294 886 399 968 Ὀτάνῃ
415 889 550 965 ἐξαίρετα,
563 887 630 948 τάδε
646 887 675 946 δέ
692 892 720 949 ἐς
731 885 765 947 τό
786 886 884 947 κοινόν
903 887 981 963 ἐβοό-

177 980 292 1035 λευσαν·
313 976 441 1053 παριέναι
455 980 483 1038 ἐς
496 975 533 1035 τά
548 975 691 1051 βασιλήῗα
706 972 800 1035 πάντα
811 975 864 1035 τόν
876 974 982 1051 βουλό-

176 1087 262 1140 μενον
280 1066 336 1123 τῶν
360 1063 429 1122 ἐπτιὶ
451 1062 515 1123 άνευ
539 1064 716 1145 ἐσαγγελέος,
736 1060 772 1137 ἢν
792 1062 834 1139 μὴ
856 1062 983 1143 τυγχάνῃ

179 1150 262 1211 εὕδων
290 1150 361 1228 μετά
388 1151 519 1232 γυναικός
547 1149 696 1228 βασιλεύς·
736 1150 855 1231 γαμέειν
887 1152 920 1210 δέ
945 1151 983 1228 μή

180 1238 281 1307 ἐξεῖναι
302 1237 425 1299 ἄλλοθεν
447 1243 486 1317 τῷ
508 1238 632 1315 βασιλέϊ
652 1237 672 1314 ἢ
695 1242 725 1297 ἐκ
747 1241 804 1297 τῶν
828 1263 985 1299 συνεπανα-

180 1326 315 1389 στάντων.
355 1327 419 1404 περὶ
446 1326 476 1385 δὲ
503 1330 556 1403 τῆς
583 1325 740 1403 βασιληίης
769 1325 985 1402 ἐβουλεύσαντο

181 1414 298 1475 τοιόνδε·
331 1414 394 1475 ὅτευ
420 1411 455 1475 ἂν
480 1412 497 1475 6
525 1414 611 1478 ἵππος
632 1413 716 1490 ἡλίου
742 1415 986 1477 ἐπανατέλλοντος

178 1506 287 1578 πρῶτος
308 1502 465 1583 φθέγξηται
485 1506 514 1562 ἐν
529 1506 569 1581 τῷ
587 1502 754 1581 προαστείῳ,
773 1500 866 1563 αὐτῶν
889 1504 986 1581 ἐπιβε-

178 1588 316 1665 βηκότων,
328 1594 428 1650 τοῦτον
442 1590 579 1669 ἔχειντὴν
591 1590 758 1666 βασιληίην.

132 1679 170 1737 85
221 1677 329 1756 Δαρείῳ
345 1676 375 1736 δέ
390 1676 425 1753 ἦν
441 1677 598 1756 ἱπποκόμος
618 1676 689 1754 άνηρ
705 1676 807 1755 σοφός,
823 1682 865 1759 τῷ
877 1679 986 1758 οὕνομα

180 1763 215 1840 ἦν
236 1765 373 1841 Οἰβάρης·
394 1765 465 1843 πρὸς
481 1771 583 1827 τοῦτον
599 1764 650 1827 τόν
663 1765 757 1844 ἄνδρα,
772 1768 835 1825 ἐπεί
848 1793 881 1828 τε
895 1768 986 1828 διελό-

180 1853 279 1929 θησαν,
296 1854 373 1923 ἔλεξε
390 1859 508 1932 Δαρεῖος
527 1854 603 1915 τάδε·
624 1855 784 1931 (Ὀίβαρες,
798 1853 869 1930 ἡμῖν
891 1856 986 1918 δέδοκ-

179 1966 226 2001 ται
242 1940 307 2017 περὶ
326 1946 377 2019 τῆς
393 1943 551 2019 βασιληίης
568 1943 672 2003 ποιέειν
685 1941 756 2002 κατά
768 1941 845 2002 τάδε·
866 1943 936 2004 ὅτευ
952 1942 988 2006 δν

179 2028 196 2090 6
218 2029 303 2094 ἵππος
322 2035 431 2110 πρῶτος
452 2032 610 2112 φθέγξηται
632 2029 692 2109 ἅμα
713 2034 753 2109 τῷ
771 2030 845 2109 ἦλέῳ
869 2030 986 2105 άνιόντι,

180 2116 270 2179 αὐτῶν
283 2119 546 2198 ἐπαναβεβηκότων,
556 2123 656 2179 τοῦτον
669 2120 743 2198 ἐχειν
753 2118 805 2194 τὴν
812 2120 987 2198 βασιληίην·

181 2210 230 2268 νῦν
247 2206 293 2278 ὧν,
310 2209 336 2267 εἴ
354 2234 416 2269 τινα
432 2209 503 2287 ἔχεις
523 2207 639 2284 σοφίην,
655 2210 772 2285 μηχανῶ
793 2205 829 2270 ὦς
849 2206 885 2268 άν
902 2209 987 2285 ἡμεῖς

180 2299 295 2373 σχῶμεν
313 2299 397 2356 τοῦτο
415 2296 449 2356 τό
469 2295 562 2377 γέρας,
579 2296 626 2354 καὶ
641 2295 682 2371 μὴ
698 2293 787 2358 ἄλλος
802 2294 871 2358 τις·”
906 2296 986 2374 άμεί-

180 2383 265 2457 βεται
285 2383 414 2460 Οἰβάρης
430 2383 536 2444 τοῖσδε·
558 2387 609 2443 “εῖ
620 2384 680 2461 ’μέν
699 2382 742 2459 δὴ,
759 2381 782 2440 ὦ
801 2383 937 2454 δέσποτα,
955 2390 987 2446 ἐν

179 2467 267 2546 τούτῳ
279 2471 326 2528 τοί
338 2475 400 2529 ἐστι
411 2468 429 2545 ἢ
442 2472 571 2546 βασιλέα
583 2471 654 2532 εἶναι
665 2469 684 2547 ἢ
697 2471 747 2548 μὴ,
761 2469 866 2548 θάρσεε
882 2473 987 2534 τούτου

182 2555 282 2616 εἵνεκεν
302 2556 349 2615 καὶ
369 2557 458 2634 θυμόν
477 2559 524 2636 ἔχε
544 2557 661 2640 ἀγαθόν·
683 2557 720 2621 ὦς
736 2559 878 2634 βασιλεῦς
893 2560 986 2625 οὐδεὶς

181 2641 270 2708 ἄλλος
282 2643 337 2722 πρό
351 2649 402 2704 σεῦ
416 2645 505 2704 ἔσται·
524 2651 641 2708 τοιαῦτα
654 2648 708 2726 ἐ’χω
721 2645 885 2725 φόρμακα·”
905 2649 986 2759 λέγει

182 2736 309 2812 Δαρεῖος·
330 2736 381 2768 “’
357 2758 381 2792 ει
393 2734 485 2794 τοίνυν
497 2761 526 2794 τι
540 2739 668 2796 τοιοῦτον
681 2736 753 2814 ἔχεις
765 2733 949 2848 σόφισμα,
929 2763 986 2815 ωρη

178 2821 418 2930 μηχανᾶσθαι
374 2847 419 2880 και
425 2847 472 2928 μη
463 2820 759 2899 ἀναβάλλεσθαι·
737 2848 774 2886 ως
785 2827 837 2899 τῆς
848 2824 986 2902 ἐπιούσης

180 2931 284 3013 ημερης
297 2908 313 2967 6
326 2908 401 2989 οἶγάν
413 2908 486 3018 ημῖν
496 2907 584 2968 ἐστι·”
597 2934 721 2971 ακουσας
727 2934 816 2969 ταυτα
826 2937 842 2970 ο
833 2909 987 2989 Οἰβάρης

180 2994 268 3050 ποιέει
283 2993 442 3053 τοιόνδε·
421 3020 457 3057 ως
473 2995 579 3074 ἐγίνετο
591 3020 611 3070 η
602 2994 735 3066 ’νυξ,
695 3020 751 3056 τιον
764 2997 906 3072 θηλέῳν’
892 3025 987 3060 ιππαιν

177 3078 245 3150 μίαν
262 3079 343 3155 τηνὸ
362 3080 513 3156 Δαρείου
500 3106 584 3144 ιππος
603 3082 717 3162 ἔστεργε
729 3082 867 3159 μάλιστα,
880 3087 988 3194 ταύτην

178 3159 292 3240 οἷγαγαλν
305 3169 333 3226 ἐς
345 3166 378 3225 τὸ
392 3166 562 3273 προάστειρν
574 3167 779 3242 κατέδησε,
734 3195 781 3228 και
794 3171 922 3252 ἐπήγαγε
935 3173 988 3234 τόν

178 3249 332 3320 Δαρείου
319 3274 413 3309 ιππον·
439 3251 484 3308 καὶ
504 3276 540 3310 τοι
560 3252 613 3326 μέν
628 3254 728 3312 πολλά
745 3260 863 3338 περιῆγε
878 3258 987 3340 [α’γχοῦ
