2150 3500
193 97 240 145 τοι
492 95 677 145 Ἧνοιουου
933 92 998 161 [m

193 175 240 233 καὶ
266 172 311 233 διὰ
332 176 420 233 ταῦτα
441 173 629 253 ταριχεύουσι,
658 172 703 233 ἵνα
724 173 764 249 μή
792 173 922 249 κείμενος
946 173 999 233 ὖτό

194 260 296 321 εύλέων
316 261 494 338 καταβρωθῇ.
537 259 608 320 οὕτω
634 260 669 336 δὴ
691 259 863 337 οὐδετέροισι
889 260 1000 337 νομιζό·

193 375 263 426 μενα
287 347 447 408 ἐνετέλλετο
467 347 573 408 ’ποιέειν
593 347 609 407 ό
630 348 803 425 Καμβύσης.
845 348 884 411 ὥς
903 349 1000 425 μέντοι

194 437 342 517 Αἰγύπτιοι
362 435 488 516 λέγουσι,
503 434 554 495 οὐκ
569 434 694 512 ’Ἀμασις
710 434 746 511 ἦν
765 434 782 494 ό
800 439 891 495 ταῦτα
902 437 1001 496 παθιδν

133 550 137 555 ·
194 524 272 583 ἀλλὰ
292 523 382 587 ἄλλος
407 528 463 584 τῶν
484 548 526 586 τις
544 522 710 604 Αῑμιπτίων,
732 523 805 602 ἔχων
826 522 883 598 τήν
911 523 999 599 αύτὴν

194 612 306 689 ἡλικίην
331 610 447 687 Ἀμάσι·
489 608 510 690 ᾧ
530 610 729 687 λυμαινόμενοι
752 608 869 687 Πέρσαι
890 610 1000 671 ἐδόκεον

190 699 316 776 Ἀμασιν
329 699 524 774 λυμαίνεσθαι·
540 699 659 778 λέγουσι
671 696 735 777 γὰρ,
747 696 783 759 ὦς
795 698 960 776 πυθόμενος
971 704 1000 758 ἐκ

194 787 329 864 μαντηίου
347 784 502 862 όἈμασις
518 785 555 845 τό
571 786 636 862 περὶ
654 785 754 844 ἑωυτόν
770 786 880 861 μέλλοι
895 785 1000 847 οἶποθα-

194 875 278 935 νόντα
296 875 432 955 γίνεσθαι,
446 872 517 933 οὕτω
535 871 730 949 δὴόκεόμενος
748 872 785 931 τό
799 872 999 950 ἐπιφερόμενα,

192 963 244 1023 τόν
262 964 314 1039 μέν
337 961 483 1039 ἄνθρωπον
505 966 605 1021 τοῦτον
625 961 674 1020 τόν
696 962 917 1041 μαστιγωθέντα
937 961 1000 1021 ἅπο-

195 1049 316 1111 θανόντα
339 1050 425 1127 ἔθαψε
452 1050 498 1108 ἐπὶ
517 1052 587 1127 τῇσι
606 1046 710 1126 θύρῃσι
729 1047 807 1111 ἐντός
825 1052 881 1124 τῆς
901 1053 1000 1109 ἑωυτοῦ

195 1138 290 1215 θήκης,
312 1138 411 1198 ἑωυτόν
428 1137 458 1197 δὲ
474 1137 632 1198 ἐνετείλατο
646 1140 685 1215 τῷ
701 1136 778 1195 παιδὶ
799 1141 830 1197 ἐν
850 1142 939 1217 μυχῷ
955 1144 1001 1214 τῆς

139 1288 142 1291 ,
195 1226 282 1303 θήκης
311 1226 347 1289 οἷς
376 1224 504 1302 μάλιστα
532 1226 630 1285 θεῖναι.
671 1226 701 1283 αἱ
729 1224 781 1300 μέν
811 1250 863 1285 νυν
892 1230 928 1285 ἐκ
955 1231 1001 1286 τοῦ

195 1314 332 1392 Ἀμάσιος
344 1313 457 1373 ἐντολαὶ
478 1311 569 1382 αὗται,
583 1315 612 1371 αἱ
630 1316 658 1374 ἐς
672 1310 724 1386 τήν
736 1311 832 1387 ταφήν
843 1337 879 1371 τε
893 1314 944 1373 καὶ
954 1313 1001 1373 τόν

196 1402 340 1481 ἄνθρωπον
357 1403 480 1479 ἔχουσαι,
495 1400 527 1459 ού
544 1425 594 1476 μοι
609 1400 738 1459 δοκέουσι
751 1397 845 1478 ἅρχὴν
857 1401 1000 1481 γενέσθαι,
1022 1434 1024 1437 ⁴

196 1490 290 1553 ἄλλως
303 1490 326 1549 δ’
340 1489 410 1549 αὐτὰ
423 1488 572 1569 Αἰγύπτιοι
585 1491 717 1564 σεμνοῦν.

149 1582 185 1640 17
236 1578 318 1638 Μετοὶ
331 1578 462 1636 δὲταῦτα
476 1576 491 1635 ό
510 1575 673 1652 Καμβύσης
690 1572 889 1652 ἐβουλεύσατο
901 1584 1003 1654 τριψα·

196 1666 262 1728 σίας
281 1664 440 1743 στρατηίας,
457 1665 506 1723 ε’πί
522 1689 555 1724 τε
575 1664 784 1741 Καρχηδονίους
804 1665 852 1723 καὶ
873 1665 924 1723 ἐπὶ
936 1665 1001 1741 ’Λμ-

195 1755 312 1832 μωνίους
329 1753 375 1812 καὶ
391 1753 437 1811 ἐπὶ
452 1753 518 1817 τούς
531 1753 715 1828 Μακροβίους
727 1751 876 1822 Αἰθίοπας,
891 1755 1000 1829 σι’κημέ-

196 1867 258 1905 νους
268 1843 297 1900 δὲ
307 1840 418 1918 Λιβύης
432 1841 477 1900 ἐπὶ
490 1841 613 1919 τῇνοτίῃ
627 1840 772 1919 θαλόσοη.
798 1841 1001 1921 βουλευομένη

196 1930 227 1989 δέ
249 1932 276 1989 oi
303 1929 379 1999 ἔδοξε
406 1929 452 1988 ἐπὶ
477 1932 529 2007 μὲν
556 1928 766 2006 Καρχηδονίους
791 1926 842 1987 τόν
870 1929 1001 1989 ναυτικόν

196 2017 318 2096 στρατόν
335 2016 533 2077 ἀποστέλλειν·
554 2016 600 2074 ἐπὶ
616 2015 646 2074 δὲ
658 2008 831 2092 Ἀμμωνίους
844 2020 899 2075 τοῦ
916 2019 1001 2088 πεζοῦ

197 2106 392 2186 ἀποκρίναντα·
419 2105 465 2164 ἐπὶ
480 2104 510 2164 δὲ
527 2102 593 2166 τούς
611 2104 748 2166 Αἰθίοπας
767 2102 911 2167 κατόπτας
929 2109 1000 2182 πρῶ-

197 2220 254 2265 τον,
275 2194 429 2272 ὀψομένους
453 2217 485 2251 τε
510 2190 563 2267 τήν
583 2195 613 2251 ἐν
631 2190 759 2251 τούτοισι
783 2193 863 2250 τοῖσι
883 2193 1000 2270 Αἰθίοψι

197 2283 352 2363 λεγομένην
363 2281 431 2341 εἶναι
443 2279 527 2355 ἡλίου
540 2277 678 2356 τράπεζαν
692 2283 717 2338 εἶ
729 2279 790 2337 ἔστι
802 2277 943 2355 ἀληθέως,
956 2281 1000 2339 καὶ

197 2371 267 2446 πρός
291 2369 378 2448 ταύτη
404 2367 440 2428 τό
467 2365 546 2426 ἄλλα
572 2367 785 2443 κατοψομένους,
810 2366 885 2442 διύρα
910 2368 943 2427 δέ
961 2371 1000 2448 τῷ

151 2457 272 2536 18λόγῳ
290 2457 425 2532 φέροντας
442 2458 481 2533 τῷ
499 2455 621 2531 βασιλέϊ
638 2453 737 2513 αὐτῶν.
776 2452 815 2512 ‘H
831 2454 862 2514 δὲ
874 2455 1000 2532 τράπεζα

197 2547 247 2604 τοῦ
261 2542 343 2619 ἡλίου
360 2541 453 2618 τοιήδε
472 2567 515 2606 τις
534 2541 648 2623 λέγεται
666 2541 745 2601 εἶναι·
764 2543 871 2619 λειμών
891 2547 956 2603 ἐστι
971 2550 1000 2603 ἐν

196 2634 234 2710 τῷ
256 2630 414 2709 προαστείῳ
441 2630 573 2694 ἐπίπλεος
593 2633 679 2708 κρεῶν
699 2629 792 2704 ἑφθῶν
812 2627 927 2689 πάντων
944 2635 1000 2690 τῶν

196 2717 379 2797 τετραπόδων,
400 2722 428 2781 ἐς
446 2716 497 2777 τόν
515 2716 568 2780 τοὶς
592 2719 644 2795 μὲν
662 2716 761 2780 νύκτας
787 2717 999 2792 ἐπιτηδεύοντας

196 2807 300 2867 τιθέναι
317 2806 353 2865 τὰ
373 2805 440 2883 κρέα
456 2804 521 2868 τούς
542 2809 571 2864 ἐν
586 2806 662 2863 τέλεϊ
678 2804 812 2867 ἑκάστους
829 2804 928 2869 ἐόντας
944 2810 999 2866 τῶν

197 2894 298 2963 οἷστῶν,
329 2893 380 2957 τοὶς
406 2893 436 2952 δὲ
461 2892 567 2970 ἡμέρας
593 2891 740 2951 δαίνυσθαι
765 2891 924 2968 προσιόντα
948 2892 998 2953 τόν

196 2981 381 3057 βουλόμενον·
424 2979 510 3055 φοίναι
529 2978 559 3036 δὲ
573 2976 638 3040 τούς
657 2978 820 3056 ἐπιχωρίους
839 2982 931 3039 ταῦτα
947 2979 998 3056 τὴν

195 3071 250 3145 γῆν
263 3067 349 3140 αύτὴν
367 3065 523 3126 ἀναδιδόναι
543 3063 687 3124 ἐκόστοτε.
727 3064 747 3139 ἡ
759 3067 812 3141 μὲν
824 3064 859 3140 δή
872 3066 998 3142 τράπεζα

151 3153 246 3211 19τοΰ
271 3153 353 3228 ἡλίου
374 3151 527 3226 καλεομένη
548 3149 661 3229 λέγεται
682 3150 752 3210 εἶναι
769 3152 873 3228 τοιήδε.
916 3160 998 3231 Καμ-

196 3237 275 3310 βύση
288 3239 318 3294 δὲ
331 3237 367 3300 ὥς
380 3237 587 3307 ἔδοξεπέιιπιιν
598 3235 664 3300 τούς
677 3237 884 3312 κατασκόπους,
898 3240 999 3304 αὐτίκα
