2150 3500
177 65 222 113 192
480 62 662 118 ἨΡΟΔΟἝΟΤ
925 65 982 133 [na

128 145 302 223 168τέχνας.
343 146 430 223 Γέρεα
460 145 496 210 δέ,
520 152 577 224 σφι
605 146 640 223 ἦν
672 146 739 207 τάδε
771 147 984 225 ἐξαραιρημένα

172 231 303 309 μούνοισι
328 234 495 314 Αἰγυπτίων,
522 233 613 310 πάρεξ
643 237 699 293 τῶν
731 234 818 311 ἱρέων·
859 233 984 313 ἄρουραι

175 319 308 396 ἐξαίρετοι
330 320 451 381 δυώδεκα
475 320 584 401 ἑκάστῳ
610 319 730 386 ἀτελέες·
764 320 795 401 (ἦ
817 321 850 381 δὲ
871 320 984 401 ἄρουρα

174 406 271 468 ἑκατόν
290 408 401 488 πηχέων
421 409 483 469 ἐστὶ
503 409 663 490 Αἰγυπτίων
682 407 783 483 πάντη·
803 408 821 468 ἀ
841 408 874 469 δὲ
895 410 982 491 Αἰγό-

173 519 254 559 πτιος
270 500 362 574 πῆχυς
378 496 510 577 τυγχάνει
528 496 592 561 ἶσος
608 497 659 557 ἐῶν
676 500 715 575 τῷ
728 497 847 577 Σαμίῳ.)
890 501 982 557 ταῦτα

174 584 226 659 μὲν
245 583 279 659 δὴ
299 588 376 643 τοῖσι
396 584 487 645 άπασι
505 584 542 661 ἦν
562 584 771 662 ἐξαραιρημένα·
807 584 877 645 τάδε
898 585 930 644 δέ
950 591 981 646 ἐν

173 676 328 749 περιτροπῇ
348 676 526 748 ἐκαρποῦντο,
548 674 595 731 καὶ
614 671 723 749 οὐδαμά
743 671 835 732 αἰυτοί.
878 676 979 732 Καλα·

174 758 270 833 σιρίων
290 759 387 837 χίλιοι,
401 760 448 817 καὶ
464 758 661 838 Ἑρμοτυβίων
679 757 774 831 άλλοι,
789 757 980 838 ἐδορυφόρεον

174 844 298 906 ἐνιαυτόν
314 846 429 906 ἔκαστοι
445 844 496 906 τόν
515 846 652 924 βασιλέα·
672 844 799 905 τούτοισι
817 843 842 903 δ
855 844 896 905 ὧν
911 846 980 908 τάδε

171 930 262 1009 πάρεξ
273 937 328 993 τῶν
341 932 478 1011 ἀρουρέων
492 932 570 993 ἀλλα
583 934 689 993 ἐδιδοτο
703 931 744 992 ἐπ’
754 932 846 1011 ἡμέρῃ
859 933 978 1013 ἑκάστῃ,

173 1018 261 1080 ἀπτοῦ
287 1022 368 1082 σίτου
395 1021 523 1098 σταθμός
547 1021 630 1081 πέντε
648 1020 730 1098 μνέαι
750 1020 867 1100 ἐκάστιρ,
890 1026 978 1100 κρεῶν

172 1107 264 1182 βοέων
277 1108 326 1169 δύο
338 1110 428 1186 μνέαι,
442 1110 517 1169 οἴνου
532 1110 666 1186 τέσσερες
680 1108 844 1185 ἀρυστῆρες.
887 1113 978 1171 ταῦτα

171 1198 249 1255 τοῖσι
261 1198 314 1256 αἰεὶ
328 1197 531 1275 δορυφορέουσι
545 1196 656 1255 ἐδίδοτο.
902 1272 906 1278 ⁴

127 1284 183 1343 169
213 1282 294 1365 Ἐπεί
313 1310 345 1344 τε
371 1286 401 1345 δὲ
421 1284 569 1353 συνιόντες,
590 1282 606 1343 ὅ
625 1308 657 1342 τε
675 1281 791 1359 Ἀπρίης
814 1280 891 1364 άγων
910 1283 976 1349 τούς

173 1371 333 1450 ἐπικαίρους
352 1374 399 1432 καὶ
417 1370 574 1449 όἈμασις
593 1370 699 1435 πάντας
718 1371 782 1433 τοίς
794 1373 976 1452 Αἰγυπτίους,
1034 1411 1037 1415 1

173 1458 306 1520 ἀπίκοντο
319 1464 347 1527 ἐς
363 1458 525 1537 Μώμεμφιν
542 1457 635 1529 πόλιν,
649 1459 819 1535 συνέβαλον·
846 1459 895 1538 καὶ
907 1464 976 1536 ἐμα-

172 1547 295 1625 χέσαντο
307 1549 358 1623 μὲν
368 1545 398 1606 εἰ
409 1550 436 1606 οἰ
449 1547 542 1617 ξεῖνοι,
551 1545 656 1623 πλήθεΐ
665 1546 695 1605 δὲ
707 1549 807 1624 πολλῷ
817 1544 976 1613 ἐλάσσονες

173 1632 263 1695 ἐόντες
277 1633 347 1693 κατά
362 1638 447 1694 τοῦτο
463 1634 644 1710 ἑσσώθησαν.
683 1632 803 1710 Ἀπρίεω
817 1632 847 1692 δέ
859 1635 975 1714 λέγεται

174 1719 243 1780 εἶναι
256 1719 336 1796 ἥδεὴ
354 1720 469 1792 διάνοια,
489 1718 554 1798 μηδ’
566 1719 601 1782 ἀν
622 1720 686 1783 θεόν
705 1746 754 1798 μιν
768 1720 875 1797 μηδένα
894 1720 974 1783 δόνα-
1045 1756 1046 1759 “

173 1809 242 1870 σθαι
254 1813 363 1869 παῦσαι
374 1813 424 1885 τῆς
439 1810 605 1886 βασιληίης·
629 1809 699 1870 οὕτω
715 1808 868 1886 ἀσφαλέως
882 1813 973 1891 ἑωυτῷ

173 1895 302 1974 ἱδρῦσθαι
322 1897 423 1958 ἐδόκεε.
464 1899 510 1957 καὶ
530 1898 564 1973 δὴ
585 1897 649 1958 τότε
668 1887 971 1975 συμβαλάνέσσάθη·

174 1985 221 2042 καὶ
236 1985 391 2067 ζωγρηθεὶς,
409 1985 525 2064 ἀπήχθη
544 1991 571 2049 ἐς
589 1984 658 2050 Σάϊν
670 1984 763 2055 πόλιν,
782 1989 810 2048 ἐς
820 1984 857 2044 τά
870 1989 972 2048 ἐωυτοΰ

172 2070 268 2156 [οἰκία]
282 2073 417 2152 πρότερον
438 2073 527 2143 ἐόντα,
539 2072 604 2134 τότε
623 2074 653 2132 δὲ
664 2072 802 2150 Ἀμάσιος
817 2071 871 2149 ἤδη
883 2075 970 2150 βασι-

171 2161 249 2235 λήῖα.
290 2162 408 2222 ἐνθαῦτα
440 2161 471 2221 δέ
503 2161 570 2224 τέως
602 2163 654 2239 μὲν
679 2162 812 2239 ἐτρέφετο
839 2164 868 2221 ἐν
893 2165 970 2223 τοῖσι

172 2248 361 2325 βασιληίοισι,
376 2249 424 2308 καί
438 2273 486 2324 μιν
497 2248 622 2326 ’Ἀμασις
643 2247 673 2309 εἰ
687 2253 820 2326 περιεῖπε,
833 2248 915 2314 τέλος
930 2251 967 2322 δέ,

171 2337 358 2411 μεμφομένων
370 2336 528 2418 Αἰγυπτίων
549 2336 585 2400 οἰς
601 2336 634 2396 οὗ
653 2342 731 2396 ποιοῖ
748 2336 841 2396 δίκαια
859 2338 968 2414 τρέφων

171 2422 221 2482 τόν
233 2424 322 2498 σφίσι
333 2450 364 2484 τε
377 2424 423 2484 καὶ
437 2427 526 2504 ἐωυτῷ
539 2426 679 2504 ἔχθιστον,
691 2424 761 2485 οὕτω
773 2424 808 2500 δή
821 2425 968 2502 παραδιδοῖ

171 2509 220 2569 τόν
231 2507 349 2587 Ἀπρίην
361 2515 438 2572 τοῖσι
451 2514 642 2592 Αἰγυπτίοισι·
663 2515 691 2573 οἰ
702 2512 734 2572 δέ
744 2537 794 2590 μιν
806 2510 965 2585 ἀπέπνιξαν,
1042 2566 1043 2569 ,

172 2596 218 2657 καὶ
237 2597 330 2657 ἔπειτα
350 2599 456 2677 ἔθαψαν
476 2604 506 2661 ἐν
524 2603 593 2679 τῇσι
613 2598 759 2679 πατρῴῃσι
777 2604 897 2679 ταφῇσι.
936 2603 965 2662 αἰ

172 2686 205 2765 δέ
219 2689 274 2745 εἰσι
290 2691 319 2746 ἐν
336 2689 375 2766 τῷ
390 2689 439 2766 ἱρῷ
453 2691 504 2764 τῆς
516 2686 674 2765 Ἀθηναίης,
688 2687 835 2769 ἀγχοτάτω
851 2691 901 2748 τοῦ
917 2714 963 2765 με·
1041 2722 1042 2725 “

171 2773 267 2855 γάρου,
280 2773 385 2836 ἐσιόντι
398 2774 546 2854 ἀριστερῆς
561 2776 663 2855 χειρός.
702 2777 809 2854 ἔθαψαν
821 2778 853 2836 τέ
866 2767 963 2841 Σαῗται

171 2861 276 2926 πάντας
292 2862 357 2927 τούς
375 2868 405 2924 ἐκ
423 2869 509 2940 νομοῦ
524 2864 624 2925 τούτου
644 2865 809 2944 γενομένους
825 2864 963 2940 βασιλέας

171 2949 226 3009 ἔσω
247 2953 276 3010 ἐν
295 2955 334 3030 τῷ
358 2953 414 3031 ἱρῷ.
456 2952 501 3010 καὶ
523 2951 579 3031 γάρ
602 2951 635 3011 τό
656 2954 707 3012 τοῦ
726 2950 865 3029 Ἀμάσιος
887 2955 963 3029 σῆμα

170 3036 309 3114 ἑκαστέρω
327 3039 379 3114 μέν
400 3043 462 3098 ἐστι
482 3042 532 3098 τοῦ
552 3037 677 3119 μεγάρου
693 3036 713 3115 ἢ
730 3039 765 3099 τδ
781 3043 832 3100 τοῦ
848 3032 964 3118 Ἀπρίεω

171 3123 217 3180 καὶ
230 3128 285 3184 τῶν
300 3126 399 3186 τούτου
416 3123 608 3202 προπατόρων·
630 3126 692 3185 ἐστι
706 3127 804 3203 μέντοι
822 3127 870 3202 καί
884 3131 964 3188 τοῦτο

171 3210 200 3266 ἐν
224 3213 261 3288 τῇ
286 3209 360 3289 αὐλῇ
380 3215 430 3272 τοῦ
450 3214 519 3287 ἰροῦ,
539 3209 651 3277 παστάς
676 3212 771 3292 λιθίνη
788 3214 902 3297 μεγάλη
918 3214 964 3277 καί
