2150 3500
91 142 203 206 εο-εο]
347 130 352 207 ss
388 144 615 200 πυωουυνα.
848 144 898 194 τις

91 222 177 283 πέντε
192 225 245 300 μὲν
260 226 288 283 οἶ
307 225 426 301 ῥέοντες·
445 223 496 284 τόν
510 250 542 284 τε
560 224 667 290 Σκύθαι
682 222 802 302 Πόρατα
817 223 899 284 καλέὲ

91 334 160 369 ουσι
182 310 322 386 Ἕλληνες
343 311 373 370 δὲ
394 310 532 388 Πυρετόν·
549 313 607 371 ’καὶ
627 311 716 376 ἄλλος
735 310 896 387 Τιαραντός·

93 399 142 456 καὶ
161 397 281 475 Ἄραρός
297 425 337 471 τε,
352 401 398 459 καὶ
414 399 554 476 Νάπαρις,
568 399 614 459 καὶ
627 398 797 478 Ὀρδησσός·
818 397 899 476 όμέν

92 490 203 562 πρῶτος
223 486 334 565 λεχθεὶς
354 490 410 547 τῶν
432 491 566 564 ποταμῶν
584 489 680 569 μέγας,
702 488 747 546 καὶ
766 486 837 564 πρός
856 485 898 562 ἠῶ

56 620 59 626 .
92 573 163 649 ῥέων
176 572 370 634 ἀνακοινοῦται
382 579 420 653 τῷ
433 572 538 654 Ἴστρῳ
551 575 584 634 τό
597 574 678 652 ὕδωρ·
699 574 715 635 ό
730 575 760 634 δὲ
773 574 898 653 δεύτερος

92 661 214 738 λεχθεὶς,
240 661 401 739 Τιαραντὸς,
427 662 499 740 πρός
524 663 645 740 ἑσπέρης
667 688 698 722 τε
718 667 832 740 μᾶλλον
853 663 899 721 καὶ

93 748 236 809 ἐλάσσων·
256 748 273 809 ό
290 750 321 809 δὲ
336 750 370 826 δή
389 748 509 828 Ἀραρός
524 775 556 810 τε
573 751 618 809 καὶ
636 750 652 810 ό
669 750 800 828 Νάπαρις
819 751 897 812 καὶὸ
955 763 960 772 “

92 833 264 912 Ὀρδησσός,
279 837 324 896 διαὶ
343 838 435 915 μέσου
452 837 558 898 τούτων
572 837 658 900 ἰόντες
671 835 853 914 ἐσβάλλουσι
871 844 901 903 ἐς

92 921 277 1002 τόνἼστρον·
299 923 376 985 οὗτοι
387 929 441 1001 μὲν
454 925 608 1006 αύτιγενέες
626 926 749 1002 ποταμοὶ
767 926 897 990 Σκυθικοὶ

94 1012 316 1088 συμπληθύουσι
337 1012 431 1074 αὐτόν·
465 1012 516 1073 Ἐκ
539 1014 569 1073 δέ
595 1011 779 1093 Ἀγαθύρσων
805 1013 898 1092 Μάρις
907 1016 941 1076 49

93 1099 222 1177 ποταμός
242 1101 312 1176 ῥέων
335 1102 587 1182 συμμίσγεταιτιρ
602 1100 716 1180 Ἴστρῳ·
744 1106 775 1160 ἐκ
797 1101 828 1160 δέ
848 1106 898 1162 τοῦ

93 1186 189 1262 Αἴμου
208 1192 263 1247 τοῖν
283 1189 426 1265 κορυφέων
445 1192 520 1266 τρεῖς
540 1187 626 1248 ἄλλοι
645 1188 767 1268 μεγάλοι
790 1189 898 1264 ῥέοντες

93 1272 165 1350 πρός
186 1276 280 1352 βορῆν
300 1275 403 1352 ἄνεμον
423 1276 607 1352 ἐσβάλλουσι
628 1281 655 1339 ἐς
676 1274 768 1344 αύτδν,
782 1274 903 1356 Ἄτλας,

94 1361 142 1420 καὶ
155 1362 256 1440 Αύρας,
271 1364 317 1422 καὶ
329 1364 454 1440 Τίβισις·
475 1363 521 1423 διά
534 1363 565 1422 δὲ
578 1365 699 1441 Θρηίκης
713 1363 759 1422 καὶ
772 1363 898 1441 Θρηίκων

94 1453 151 1510 τῶν
163 1450 320 1527 Κροβύζων
331 1451 449 1529 ῥέοντες,
457 1451 571 1529 Ἀθρυς,
586 1452 632 1511 καὶ
644 1451 731 1527 Νόης,
740 1451 786 1510 καὶ
798 1449 898 1530 Ἀρτάέ

94 1562 152 1613 ms,
175 1538 314 1598 ἐκδιδοῦσι
334 1543 362 1602 ἐς
380 1539 430 1599 τόν
446 1537 571 1617 Ἴστρον·
599 1543 629 1599 ἐκ
653 1540 683 1598 δὲ
705 1538 835 1600 Παιόνων
850 1541 897 1600 καὶ

95 1625 191 1702 ούρεος
209 1625 346 1704 Ῥοδόπης
367 1628 450 1691 Σκίος
467 1627 601 1704 ποταμός,
619 1629 710 1705 μέσον
728 1628 833 1706 σχίζων
849 1629 899 1690 τόν

95 1713 195 1792 Αἶμον,
211 1714 314 1775 ἐκδιδοῖ
331 1719 358 1780 ἒς
371 1713 464 1777 αύτόν·
486 1717 518 1786 ἐξ
531 1716 678 1796 Ἰλλυριῶν
694 1717 723 1777 δέ
742 1717 812 1795 ῥέων
827 1717 897 1799 πρός

94 1804 188 1879 βορῆν
201 1802 304 1881 άνεμον
315 1802 441 1885 Ἄγγρος
457 1805 591 1883 ποταμός,
607 1806 749 1882 ἐσβάλλει
762 1811 789 1869 ἐς
801 1806 897 1867 πεδίον

93 1889 128 1949 τό
141 1891 337 1968 Τριβαλλικόν
350 1893 396 1951 καὶ
409 1897 437 1955 ἐς
449 1893 579 1971 ποταμόν
587 1893 724 1975 Βρόγγον,
736 1893 752 1953 ό
766 1894 796 1953 δέ
809 1894 898 1975 Βρόγ·

94 2004 146 2058 γος
162 1983 190 2042 ἐς
206 1978 256 2039 τόν
269 1977 400 2056 Ἴστρον·
417 1980 488 2040 ούτω
506 1980 691 2057 ἀμφοτέρους,
706 1979 801 2044 ἐόντας
812 1982 898 2062 μεγά-

94 2068 172 2136 λους,
185 2066 202 2127 ὅ
209 2065 323 2144 Ἴστρος
336 2067 453 2126 δέκεται.
488 2071 518 2126 ἐκ
532 2067 562 2126 δέ
575 2070 625 2143 τῆς
638 2065 792 2144 κατύπερθε
804 2067 897 2146 χάρης

94 2151 267 2232 Ὀμβρίκων,
281 2155 394 2231 Κάρπις
408 2154 535 2232 ποταμός
553 2155 600 2214 καὶ
617 2153 706 2218 ἄλλος
713 2154 819 2218 Ἀλπις
836 2154 898 2237 [πο-

94 2241 205 2323 ταμός]
221 2242 293 2320 πρός
311 2244 405 2321 βορῆν
418 2242 521 2319 άνεμον
534 2244 581 2303 καὶ
601 2240 678 2302 οὗτοι
695 2242 812 2320 ῥέοντες,
829 2244 897 2303 ε’κδι·

95 2328 178 2390 δοῦσι
192 2336 219 2394 ἐς
232 2330 326 2392 αύτόν.
359 2331 417 2409 ῥέει
428 2329 484 2412 γάρ
498 2329 591 2407 δὴδιοὶ
602 2328 696 2406 πάσης
706 2329 899 2409 τῆςΕύράπης

95 2417 112 2478 ὁ
129 2416 243 2496 1Ἰστρος
266 2418 420 2498 ἀρξάμενος
442 2424 473 2479 ἐκ
494 2422 621 2490 Κελτῶν,
642 2417 669 2477 οἳ
692 2420 808 2499 ἔσχατοι
828 2421 899 2499 πρός

94 2504 179 2581 ἡλίου
199 2506 327 2584 δυσμέων
346 2507 418 2584 μετοὶ
438 2505 570 2585 Κύνητας
592 2507 715 2568 οἰκέουσι
733 2511 789 2568 τῶν
812 2512 842 2569 ἐν
862 2534 899 2587 τη

94 2592 226 2675 Εύράπη·
254 2596 323 2673 ῥέων
343 2595 373 2655 δὲ
393 2595 439 2655 διά
461 2594 557 2672 πάσης
579 2599 630 2671 τῆς
649 2594 793 2673 Εύριύπης,
815 2601 843 2660 ἐς
862 2596 899 2657 τά

94 2681 205 2766 πλάγια
228 2688 281 2759 τῆς
306 2683 427 2760 Σκυθίης
453 2684 605 2760 ἐσβάλλει.
646 2682 756 2743 Τούτων
782 2683 819 2743 ὦν
844 2686 947 2745 τῶν50

95 2772 324 2850 καταλεχθέντων
340 2771 386 2830 καὶ
405 2770 503 2833 άλλων
520 2772 638 2832 πολλῶν
652 2771 899 2847 συμβαλλομένων

93 2858 129 2918 τό
145 2858 286 2937 σφέτερον
304 2857 385 2935 ὕδωρ,
405 2858 511 2940 γίνεται
531 2857 678 2935 όἼστρος
698 2860 831 2933 ποταμῶν
849 2858 898 2935 μέ·
975 2870 981 2879 “

94 2970 204 3026 γιστος·
231 2946 292 3005 ἐπεὶ
314 2942 386 3021 ὕδωρ
408 2971 443 3027 γε
465 2946 495 3006 ἐν
516 2945 588 3024 πρός
615 2944 645 3005 ἐν
668 2943 858 3022 συμβάλλειν,
881 2945 898 3004 ό

95 3036 203 3096 Νεῖλος
221 3032 327 3109 πλήθεϊ
345 3031 520 3110 ἀποκρατέει·
542 3038 570 3096 ἐς
589 3030 646 3112 γάρ
664 3031 699 3109 δὴ
717 3035 816 3091 τοῦτον
835 3031 899 3091 ούτε

95 3118 231 3196 ποταμός,
240 3119 303 3179 ούτε
316 3118 404 3196 κρήνη
417 3118 532 3197 ούδεμία
545 3118 706 3191 ἐσδιδοῦσα,
716 3123 743 3182 ἐς
752 3117 862 3191 πλῆθός
872 3120 899 3179 οἱ

95 3206 309 3284 συμβάλλεται·
329 3206 393 3269 ἶσος
408 3206 438 3265 δὲ
454 3207 508 3265 αἰεὶ
522 3208 580 3283 ῥέει
600 3205 629 3264 ἐν
642 3231 674 3265 τε
692 3206 766 3282 θέρεϊ
783 3203 829 3263 καὶ
841 3230 898 3284 χει·

96 3298 168 3359 μῶνι
181 3292 327 3369 ὄἼστρος,
343 3292 414 3351 κατά
431 3292 538 3353 τοιόνδε
550 3317 586 3361 τι,
601 3289 638 3355 οἷς
651 3294 713 3371 ἐμοὶ
730 3292 827 3351 δοκέει·
848 3296 898 3353 τοῦ
