2150 3500
122 120 260 185 ιιι-ιιι]
408 122 632 172 Μαιιιοιιαιιιι.
871 128 917 174 ιιι

119 201 146 259 οἳ
152 199 266 275 νόμοισι
274 202 326 278 μὲν
338 202 373 260 ταὶ
386 202 463 260 πλέω
474 202 653 279 Αἰγυπτίοισι
662 203 805 278 χρέωνται,
814 202 920 276 ἐσθῆτα
932 269 934 275 A

120 291 149 348 δέ
163 291 301 366 φορέουσι
315 289 376 364 οἴην
389 315 441 365 περ
453 293 479 346 οἱ
489 287 576 347 ἄλλοι
585 288 699 362 Λίβυες·
713 292 742 346 αἱ
756 288 785 347 δὲ
794 292 919 369 γυναῖκες

120 377 209 436 αὐτῶν
230 378 330 454 ψέλιον
350 376 413 451 περὶ
434 376 549 453 ἑκατέρῃ
568 380 623 434 τῶν
642 377 765 451 κνημέων
784 377 919 452 φορέουσι

119 465 251 543 χάλκεον·
284 464 334 526 τάς
355 462 482 538 κεφαλὰς
501 463 531 520 δὲ
552 466 687 540 κομῶσαι,
711 462 775 525 τούς
803 463 919 540 φθεῖρας

119 552 203 612 ἐπεάν
224 550 338 626 λάβωσι
357 550 422 614 τούς
442 554 543 625 ἑωυτῆς
564 549 668 625 ἑκάστη
696 549 849 614 ἀντιδάκνει
873 551 918 608 καὶ

119 639 191 698 οὗτοι
212 640 312 715 ῥίπτει·
335 637 412 698 οὗτοι
432 639 462 697 δέ
479 642 578 713 μοῦνοι
598 639 714 712 Λιβύων
733 642 815 698 τοῦτο
839 637 918 718 ἐργά-
986 638 989 643 ’

119 728 221 798 ζονται·
243 727 289 784 καὶ
303 731 342 805 τῷ
356 727 477 802 βασιλέϊ
490 729 589 801 μοῦνοι
609 725 659 788 τάς
679 726 831 800 παρθένους
850 728 917 801 μελ-

119 816 226 877 λούσας
236 814 389 874 συνοικέειν
399 812 609 872 ἐπιδεικνύουσι·
625 811 644 886 ἢ
658 813 687 870 δέ
701 810 734 872 ἂν
746 817 785 889 τῷ
797 814 919 887 βασιλέϊ

119 901 226 977 α’ρεσπῆ
244 903 367 981 γένηται,
385 900 440 959 ύπδ
457 900 556 958 τούτου
570 899 820 973 διαπαρθενεύεται.
848 925 916 974 παρ-

118 988 220 1064 ήκουσι
230 989 260 1046 δὲ
273 986 350 1048 οὗτοι
364 992 391 1047 οἱ
403 987 604 1065 Ἀδυρμαχίδαι
618 985 665 1044 ἀπ’
680 986 822 1065 Αἰγύπτου
834 987 918 1064 μέχρι

119 1077 232 1152 λιμένος
243 1080 283 1154 τῷ
291 1074 397 1152 οὕνομα
407 1074 519 1137 Πλυνός
529 1080 600 1134 ἐστι.
629 1073 740 1134 Τούτων
750 1074 779 1138 δὲ
787 1075 897 1151 ἔχονται
908 1075 964 1132 169

87 1197 90 1201 f
121 1164 303 1244 Γιλιγάμμαι,
331 1163 476 1240 νεμόμενοι
502 1162 555 1236 την
581 1161 660 1238 πρδς·
678 1162 799 1242 ἑσπέρην
824 1160 917 1238 χώρην

119 1253 203 1329 μέχρι
215 1250 432 1327 Ἀφροδισιάδος
448 1249 546 1325 νήσου·
568 1253 597 1308 ἐν
609 1249 640 1306 δέ
652 1253 690 1327 τῷ
703 1248 806 1323 μεταξύ
819 1247 917 1306 τούτου

119 1336 200 1416 χοίρῳ
219 1337 238 1412 ἤ
257 1363 289 1397 τε
308 1338 427 1396 Πλατέα
447 1340 533 1410 νῆσος
560 1337 704 1405 ἐπικέεται,
727 1334 779 1409 τήν
805 1335 918 1395 ἔκτισαν

121 1429 283 1500 Κυρηναῖοι·
304 1424 350 1482 καὶ
363 1429 392 1482 ἐν
405 1427 440 1500 τῇ
453 1424 558 1502 ἠπείρῳ
572 1422 728 1484 Μενελάϊος
745 1419 833 1497 λιμήν
847 1426 917 1492 ἐστι,

119 1512 166 1570 καὶ
174 1511 280 1587 ’Ἄζιρις
292 1510 344 1587 τήν
360 1514 387 1570 οἱ
405 1515 559 1587 Κυρηναῖοι
573 1512 671 1571 οἴκεον·
692 1511 738 1568 καὶ
751 1508 784 1568 τδ
798 1509 917 1583 σίλφιον

119 1597 234 1676 ἄρχεται
246 1599 302 1660 αἰπδ
314 1597 423 1658 τούτου·
443 1598 561 1675 παρήκει
574 1599 603 1657 δὲ
614 1597 670 1656 α’πδ
684 1597 816 1672 Πλατέης
828 1595 917 1671 νήσου

117 1685 203 1764 μέχρι
211 1689 261 1744 τοῦ
271 1685 411 1764 στόματος
419 1689 469 1763 τῆς
479 1685 595 1763 Σύρτιος
603 1685 636 1744 τὸ
648 1685 776 1761 σίλφιον.
804 1684 918 1759 νόμοισι

118 1774 148 1831 δὲ
175 1775 308 1850 χρέωνται
335 1772 412 1834 οὗτοι
436 1775 664 1851 παραπλησίοισι
685 1776 761 1832 τοῖσι
785 1773 914 1847 ἑτέροισι.

118 1864 314 1941 Γιλιγαμμέων
324 1863 353 1920 δὲ
361 1862 511 1940 έχονταιτό
518 1863 589 1938 πρὸς
596 1862 716 1937 ἑσπέρης
723 1859 895 1935 Ἀσβύσται.
906 1858 964 1920 170

118 1946 196 2008 οὗτοι
208 1950 241 2008 τὸ
254 1949 323 2024 ὑπὲρ
336 1948 466 2023 Κυρήνης
476 1950 607 2016 οἰκέουσι,
619 1948 665 2006 ἐπὶ
675 1948 827 2007 θάλασσαν
841 1947 870 2004 δὲ
884 1945 916 2005 ού

118 2035 274 2111 κατήκουσι
289 2034 462 2109 Ἀσβύσται·
471 2034 506 2093 τδ
515 2032 654 2113 γὰρπαρὰ
663 2032 814 2091 θάλασσαν
825 2038 917 2107 Κυρη·

117 2128 192 2183 ναῖοι
205 2122 344 2198 νέμονται·
364 2120 590 2196 τεθριπποβάται
609 2120 638 2177 δὲ
652 2118 701 2177 οὐκ
714 2118 825 2193 ἥκιστα,
839 2118 916 2179 αἷλλιὶ

100 2211 247 2287 .μο’λιστα
257 2208 372 2283 Λιβύων
383 2208 448 2266 εἰσί·
469 2206 570 2283 νόμους
584 2207 613 2265 δέ
625 2205 690 2269 τούς
702 2209 823 2268 πλεῦνας
835 2206 914 2281 μιμέ·

118 2299 202 2357 εσθαι
223 2295 415 2370 ἐπιτηδεύουσι
435 2293 500 2357 τούς
517 2294 691 2371 Κυρηναίων.
715 2290 961 2367 Ἀσβυστέων171

92 2450 99 2459 ,
118 2385 149 2443 δέ
162 2385 273 2463 ἔχονται
285 2380 318 2442 τδ
332 2381 403 2458 πρδς
419 2382 539 2458 ἑσπέρης
556 2380 710 2460 Αύσχίσαι.
752 2378 831 2439 οὗτοι
844 2376 920 2457 ύπέρ

119 2471 229 2547 Βάρκης
258 2470 388 2538 οἰκέουσι,
416 2468 580 2543 κατήκοντες
606 2468 652 2528 ἐπὶ
679 2467 830 2530 θάλασσαν
857 2466 916 2526 κατ’

118 2558 318 2635 Εὐεσπερίδας.
349 2555 515 2636 Αὐσχισέων
531 2557 561 2615 δὲ
578 2556 648 2617 κατὰ
660 2557 749 2633 μέσον
761 2559 812 2630 τῆς
824 2555 916 2633 χώρης

118 2646 241 2706 οἰκέουσι
268 2644 413 2721 Κάβαλες,
440 2642 539 2725 ὀλίγον
566 2646 650 2713 ἔθνος,
679 2640 844 2719 κατῆκοντες
871 2642 916 2701 ἐπὶ

119 2731 271 2793 θάλασσαν
290 2732 360 2792 κατὰ
377 2730 517 2810 Ταύχειρα
534 2730 620 2791 πάλιν
634 2733 685 2806 τῆς
701 2730 850 2805 Βαρκαίης·
872 2729 915 2789 νό-

117 2845 199 2896 μοισι
218 2821 247 2879 δέ
268 2824 344 2880 τοῖσι
362 2819 474 2880 αύτοῖσι
491 2819 626 2897 χρέωνται
641 2820 718 2877 τοῖσι
736 2815 782 2875 καὶ
799 2818 826 2874 οἱ
846 2813 915 2892 ύπέρ

118 2907 256 2985 Κυρήνης.
284 2906 452 2984 Αὐσχισέων
470 2906 500 2965 δὲ
519 2906 623 2965 τούτων
641 2903 679 2965 τὰ
691 2902 762 2982 πρδς
777 2904 896 2979 ἑσπέρης
906 2904 962 2961 172

118 2996 229 3074 ἔχονται
247 2998 429 3071 Νασαμῶνες,
444 2994 522 3057 ἔθνος
540 2992 586 3053 ἐδν
603 2990 723 3051 πολλόν·
746 2990 773 3049 οἳ
785 2990 817 3049 τδ
836 2990 915 3073 θέρος

119 3081 332 3144 καταλείποντες
351 3081 397 3140 ἐπὶ
416 3106 452 3159 τη
473 3080 609 3158 θαλάσση
628 3078 664 3139 ταὶ
687 3078 828 3156 πρόβατα,
852 3076 916 3139 άνα·

118 3171 252 3243 βαίνουσι
270 3172 297 3231 ἐς
314 3166 424 3248 Αύγιλα
442 3172 534 3248 χῶρον
552 3169 730 3248 ὀπωριεῦντες
744 3168 808 3232 τούς
827 3168 915 3246 φοίνι-Ι

119 3281 177 3319 κας·
198 3259 225 3315 οἶ
245 3255 274 3314 δὲ
293 3256 399 3315 πολλοὶ
419 3257 465 3315 καὶ
483 3257 665 3337 ἀμφιλαφέες
682 3258 835 3336 πεφύκασι,
848 3257 915 3323 miv:
