2150 3500
181 134 228 183 ιιι
479 132 663 182 Ἦοοιοοοι
934 131 989 194 [ιι

179 237 229 289 μοι
244 214 291 271 καὶ
303 201 382 272 ἅλλα
396 210 532 289 τεκμήριά
545 216 608 271 ἐστι
622 213 707 272 τοῦτο
724 209 795 271 οὕτω
811 211 894 290 ἔχειν,
909 215 941 271 ἐν
958 212 990 271 δὲ

180 300 228 359 καὶ
238 298 310 370 τόδε,
325 298 369 360 ὅτι
381 323 412 359 τε
424 303 476 359 τοῦ
489 298 646 377 Ἡρακλέος
662 297 762 358 τούτου
778 300 806 358 οἱ
822 299 919 379 γονέες
932 298 988 376 α’μ-

181 385 296 464 φότεροι
311 386 395 463 ἦσαν,
408 385 587 464 Ἀμφιτρύων
604 385 650 464 καὶ
667 385 822 463 Ἀλκμήνη,
835 386 989 466 γεγονότες

179 474 213 534 τδ
227 474 359 536 ἀνέκαθεν
373 473 421 534 ἀπ’
435 474 588 555 Αἰγύπτου·
610 474 657 533 καὶ
672 472 742 532 διότι
756 472 907 553 Αἰγύπτιοι
921 473 988 534 οὔτε

182 562 372 626 Ποσειδέωνος
395 560 458 622 οὔτε
482 560 662 639 Διοσκούρων
684 559 721 621 τιὶ
745 559 888 637 οῦνόματιί
909 568 987 638 φασι

180 650 287 721 εἰδέναι,
302 649 367 710 ούδέ
380 656 438 727 σφι
456 651 515 710 θεοὶ
531 647 610 710 οῦτοι
624 654 654 710 ἐν
664 651 742 732 τοῖσι
755 647 874 708 ἄλλοισι
891 649 987 710 θεοῖσι

180 736 390 818 ἀποδεδέχαται.
425 738 472 797 καὶ
483 737 541 815 μήν
555 738 580 796 εἱ
591 763 625 816 γε
637 735 701 813 παρ’
714 735 861 812 Ἑλλήνων
875 737 987 813 ἔλαβον

181 824 287 902 ούνομό
301 851 349 885 τευ
364 826 502 904 δαίμονος,
518 824 624 886 τούτων
644 823 695 884 ούκ
711 822 816 900 ήκιστα
831 823 912 883 ἀλλὰ
930 823 985 900 μά-

179 917 267 973 λιστα
285 914 406 990 ἔμελλον
422 912 535 990 μνήμην
556 913 634 983 ἕξειν,
648 913 725 988 εἴπερ
742 912 789 970 καὶ
807 911 873 971 τότε
891 937 986 972 ναυτι·

179 1002 261 1078 λίησι
278 1001 421 1080 ἐχρέωντο,
440 1002 487 1060 καὶ
503 1001 578 1077 ἦσαν
594 998 739 1075 Ἑλλήνων
755 1001 826 1063 τινὲς
844 1003 983 1071 ναυτιλοι,

180 1087 216 1151 ὥς
234 1089 358 1165 ἔλπομαί
372 1114 403 1150 τε
422 1089 468 1148 καὶ
486 1088 539 1165 ἐμή
554 1087 651 1168 γνώμη
668 1088 762 1165 αἱρέει·
784 1087 859 1147 ὥστε
876 1087 984 1149 τούτων

179 1174 213 1236 δν
229 1175 275 1234 καὶ
289 1180 403 1253 μᾶλλον
418 1180 474 1237 τῶν
494 1178 564 1236 θεῶν
584 1175 620 1236 τό
637 1174 778 1252 οὐνόματα
798 1175 983 1244 ἐξεπιστέατο
1058 1241 1059 1248 ¹

179 1263 327 1345 Αἰγύπτιοι
341 1262 423 1342 ήτοῦ
435 1263 600 1340 Ἡρακλέος.
635 1261 711 1323 ἀλλά
726 1288 768 1325 τις
784 1260 903 1341 οἶρχαῖός
919 1268 982 1324 ἐστι
1058 1267 1059 1318 Ῑ

180 1352 242 1416 θεὸς
262 1352 442 1435 Αἰγυπτίοισι
456 1351 624 1429 Ἡρακλέης·
645 1349 681 1414 οἱς
701 1350 731 1409 δέ
750 1348 830 1410 αῦτοὶ
850 1351 980 1431 λέγουσι,

178 1440 240 1501 έτεοὶ
252 1445 314 1501 ἐστι
330 1441 529 1520 ἑπτακισχίλια
545 1440 592 1498 καὶ
607 1438 694 1516 μύρια
711 1442 738 1502 ἐς
750 1437 879 1513 Ἀμασιν
891 1440 981 1514 βασι-
1058 1459 1059 1506 3

177 1527 329 1606 λείσαντα,
341 1529 403 1587 ἐπεί
412 1553 445 1588 τε
460 1530 559 1587 ἐκτῶν
572 1525 643 1588 όκτιῦ
657 1527 727 1587 θειῦν
741 1527 768 1585 οἱ
783 1524 906 1586 δυόδεκα
920 1528 981 1586 θεοὶ
1058 1525 1059 1528 ¹

130 1616 169 1688 44
179 1615 313 1695 ἐγένοντο,
326 1619 382 1675 τῦν
396 1615 541 1692 Ἡρακλέα
559 1614 606 1674 ἕνα
622 1614 776 1692 νομίζουσι.
812 1615 870 1674 Καὶ
888 1614 981 1675 θέλων

178 1703 208 1762 δέ
221 1701 325 1764 τούτων
339 1703 404 1782 πέρι
419 1702 512 1779 σαφές
526 1728 556 1763 τι
576 1703 674 1763 εἰδέναι
694 1701 726 1773 ἐξ
746 1698 784 1763 ιῦν
803 1700 863 1762 οἱόν
881 1726 915 1763 τε
933 1701 978 1780 ἦν,

177 1792 302 1851 ἔπλευσα
321 1793 368 1851 καὶ
387 1797 415 1856 ἐς
434 1791 525 1868 Τύρον
543 1792 750 1868 τῆςΦοινίκης,
770 1790 980 1867 πυνθανόμένος

178 1878 275 1940 αύτόθι
285 1879 355 1941 εἶναι
368 1880 428 1958 ἱρόν
437 1879 594 1957 Ἡρακλέος
604 1878 693 1962 ἅγιον·
708 1880 754 1939 καὶ
764 1879 824 1939 ἱδον
833 1880 979 1945 πλουσίως

177 1969 435 2046 κατεσκευασμένον
455 1967 576 2029 ἄλλοισί
594 1994 626 2029 τε
647 1971 785 2028 πολλοῖσι
805 1966 977 2043 ἀναθήμασι,

178 2058 224 2116 καὶ
238 2061 267 2117 ἐν
280 2055 354 2137 αύτῷ
362 2057 437 2133 ἦσαν
447 2061 553 2133 στήλαι
563 2054 621 2127 δύο,
629 2055 648 2132 ή
657 2058 709 2133 μὲν
716 2059 825 2135 χρυσοῦ
835 2054 976 2131 ἀπέφθου,

177 2145 197 2221 ή
210 2146 240 2205 δέ
252 2146 418 2228 σμαράγδου
431 2146 514 2206 λίθου
530 2145 693 2222 λάμποντος
707 2144 759 2208 τὰς
774 2141 873 2207 νύκτας
889 2144 976 2224 μέγα·

177 2234 234 2297 θος·
256 2239 284 2298 ἐς
296 2234 398 2316 λόγους
412 2234 442 2293 δέ
458 2232 547 2293 ἐλθὼν
559 2237 637 2293 τοῖσι
653 2235 743 2309 ἱρεῦσι
757 2235 808 2291 τοῦ
825 2232 888 2291 θεοῦ
906 2231 976 2309 εἰρό-

175 2347 232 2399 μην
247 2321 349 2385 ὁκόσος
364 2320 464 2399 χρόνος
479 2321 521 2395 εἱη
540 2320 572 2389 ἐξ
591 2318 623 2379 οῦ
640 2326 698 2395 σφι
714 2319 749 2397 τδ
770 2318 830 2396 ἱρόν
850 2319 974 2396 ἱδρυται;

177 2406 257 2485 εύρον
267 2408 297 2468 δέ
310 2408 373 2468 οὐδὲ
383 2407 497 2470 τούτους
509 2410 586 2466 τοῖσι
593 2406 721 2483 Ἕλλησι
735 2408 974 2485 συμφερομένους·
986 2430 989 2439 ’

176 2497 287 2572 ἔφασαν
306 2495 362 2576 γὰρ
378 2494 438 2572 ἅμα
456 2494 536 2573 Τύρῳ
555 2496 710 2575 οἰκιζομένῃ
729 2497 775 2555 καὶ
794 2496 827 2555 τό
848 2494 908 2573 ἱρόν
923 2499 974 2555 τοῦ

176 2584 241 2644 θεοῦ
255 2582 406 2661 ἱδρυθῆναι·
427 2582 496 2643 εἶναι
511 2583 542 2642 δὲ
559 2584 620 2643 ἔτεα
636 2582 686 2660 ἀφ’
701 2581 733 2644 οῦ
750 2583 839 2662 Τύρον
852 2584 975 2643 οἰκέουσι

175 2670 324 2749 τριηκόσια
343 2670 390 2730 καὶ
409 2670 546 2751 δισχίλια.
581 2671 654 2732 εἶδον
674 2672 704 2731 δὲ
724 2676 753 2732 έν
772 2676 808 2751 τῇ
827 2671 907 2751 Τύρῳ
927 2672 974 2731 καὶ

176 2759 251 2820 ἄλλο
278 2759 339 2838 ἱρόν
361 2759 525 2837 Ἡρακλέος,
550 2761 705 2837 ἐπωνυμίην
729 2761 842 2839 ἔχοντος
864 2760 973 2819 Θασίου

176 2846 255 2908 εἶναι·
275 2847 415 2923 οἱπικόμην
431 2848 460 2906 δὲ
478 2847 525 2907 καὶ
543 2852 571 2911 ἐς
589 2847 693 2918 Θόσον,
711 2852 741 2908 ἐν
757 2852 794 2926 τῇ
812 2845 893 2926 εὗρον
913 2847 973 2924 ἱρόν

175 2934 330 3012 Ἡρακλέος
342 2935 397 2995 ύπδ
411 2935 544 2995 Φοινίκων
558 2934 709 3010 ἱδρυμένον,
724 2934 751 2994 οἱ
766 2933 825 2993 κατ’
838 2932 973 3011 Εύρυὶπης

176 3022 293 3098 ζήτησιν
307 3021 500 3084 ἐκπλώσαντες
512 3020 609 3079 Θάσον
623 3021 743 3085 ἔκτισαν·
765 3022 812 3080 καὶ
826 3026 914 3081 ταῦτα
927 3022 972 3080 καὶ

175 3110 258 3169 πέντε
270 3111 384 3191 γενεήσι
398 3108 504 3185 α’νδριῦν
517 3106 639 3193 πρότεροί
653 3112 714 3166 ἐστι
727 3106 744 3183 ἢ
758 3108 806 3168 τόν
818 3107 973 3185 Ἀμφιτρύ-

176 3222 243 3260 ωνος
254 3197 398 3274 Ἡρακλέα
414 3201 443 3255 ἐν
455 3198 492 3272 τῇ
507 3192 625 3251 Ἑλλάδι
637 3195 778 3273 γενέσθαι.
811 3194 848 3254 τοὶ
860 3195 912 3271 μέν
925 3220 973 3255 νυν

176 3284 345 3360 ἱστορημένα
360 3279 577 3362 δηλοῖσαφέως
594 3279 716 3341 παλαιόν
734 3281 798 3342 θεὸν
817 3281 867 3342 τδν
886 3280 972 3359 Ἡρα·
