2150 3500
147 102 293 164 ιιι-ιιι]
439 103 666 155 mmmm.
901 110 949 156 ιιι

251 187 353 211 λ’]

148 188 204 270 γάρ
225 187 261 264 δη
285 189 382 249 αυτοθι
406 187 580 266 Ἑλληνικῶν
603 192 674 253 θεοῖν
694 191 950 271 ἶριῖ,“Ἑλληνικοῖς

149 276 396 357 κατεσκευασμένα
428 279 581 362 ἀγάλμασί
608 307 640 342 τε
667 282 713 340 καὶ
742 283 870 359 βωμοῖσι
904 281 951 341 καὶ

149 373 244 446 νηοῖσι
257 369 405 438 ξυλίνοισι·
426 368 472 426 καὶ
491 372 530 448 τῷ
544 369 681 449 Διονύσῳ
701 369 872 447 τριετηρίδας
886 368 951 429 άνά-

148 483 243 538 γουσι,
265 454 312 516 καὶ
336 454 521 535 βακχεύουσι.
564 459 620 516 εἰσὶ
642 458 697 538 γάρ
722 461 749 517 οἱ
772 458 894 517 Γελωνοὶ
916 457 951 518 τό

149 543 425 624 άρχαῖονἝλληνες·
439 547 469 602 ε’κ
481 549 537 605 τοῖν
550 545 580 605 δὲ
593 547 731 624 ἐμπορίων
744 544 952 616 ἐξαναστάντες,

151 633 269 709 οἴκησαν
291 636 321 692 ἐν
339 636 418 692 τοῖσι
437 632 608 694 Βουδίνοισι·
631 635 677 693 καὶ
700 633 821 715 γλώσσῃ
843 633 880 694 τά
900 636 952 711 μὲν

150 721 274 800 Σκυθικῇ
285 719 322 780 τά
333 720 362 779 δὲ
374 720 530 800 Ἑλληνικῇ
543 723 687 801 χρέωνται.
714 723 842 782 Βουδῖνοι
855 723 885 782 δὲ
899 722 998 783 013109

149 813 186 887 τῇ
205 807 276 888 αὐτῇ
295 807 419 889 γλώσσῃ
438 809 573 886 χρέωνται
594 810 640 868 καὶ
659 811 789 880 Γελωνοὶ,
803 809 868 870 ἀλλ’
889 809 953 870 οὐδὲ

149 896 242 956 δίαιτα
263 895 283 972 ἦ
305 896 385 972 αῦτη·
406 899 434 956 οἱ
454 898 506 973 μὲν
527 896 583 978 γάρ
605 897 742 969 Βουδῖνοι,
760 898 850 963 ε’όντες
871 897 952 960 αύτό-

149 984 258 1063 χθονες,
270 983 388 1061 νομάδες
404 985 437 1044 τέ
452 987 508 1043 είσι
526 985 572 1043 καὶ
588 985 839 1068 φθειροτραγέουσι
853 990 953 1063 μοῦνοι

150 1075 207 1132 τῶν
224 1070 322 1151 ταύτῃ·
342 1073 465 1132 Γελωνοὶ
484 1072 522 1142 δὲ,
543 1076 596 1152 γῆς
615 1099 645 1133 τε
666 1072 788 1154 ἐργάται,
809 1073 855 1134 καὶ
876 1100 953 1134 σιτο-

151 1160 249 1241 φάγοι,
263 1162 310 1220 καὶ
322 1159 428 1236 κήπους
441 1161 593 1236 ἐκτημένοι,
605 1160 684 1221 οὐδὲν
696 1161 748 1236 τὴν
762 1162 835 1238 ἰδέην
848 1161 950 1240 άμοῖοι,

151 1247 215 1308 οὐδὲ
226 1247 260 1307 τό
272 1252 382 1327 χρῶμα·
402 1247 457 1308 ύπό
470 1248 566 1325 μέντοι
582 1247 728 1324 Ἑλλήνων
745 1253 893 1310 καλέονται
907 1251 953 1310 καὶ

151 1339 179 1395 οἱ
199 1336 328 1396 Βουδῖνοι
340 1337 470 1409 Γελωνοὶ,
486 1335 537 1396 οὐκ
558 1335 646 1414 ὀρθῶς
668 1335 842 1413 καλεόμενοι.
883 1337 902 1414 ἦ
923 1338 953 1398 δὲ

150 1423 229 1502 χώρη
248 1425 346 1498 σφέων
364 1423 446 1484 πᾶσά
467 1429 529 1485 ἐστι
550 1424 637 1501 δασέη
651 1424 728 1503 ἰ’δησι
741 1425 902 1502 παντοίῃσι·
923 1431 952 1486 ἐν

151 1511 182 1570 δὲ
194 1515 240 1590 τῇ
263 1512 309 1590 ἴδη
331 1515 367 1590 τῇ
388 1513 511 1591 πλείστῃ
533 1512 595 1572 ἐστὶ
615 1514 702 1589 λίμνη
722 1512 835 1592 μεγάλη
854 1539 886 1572 τε
906 1515 953 1574 καὶ

151 1599 257 1675 πολλὴ,
270 1600 317 1659 καὶ
330 1600 395 1663 ἕλος
407 1600 454 1659 καὶ
467 1601 596 1678 κάλαμος
607 1601 671 1678 περὶ
685 1599 780 1676 αὐτόν·
802 1605 831 1660 ἐν
847 1600 876 1660 δὲ
889 1601 953 1662 ταύ-

150 1713 187 1767 τῃ
198 1687 314 1766 ἐνύδριες
323 1687 497 1759 ἁλίσκονται,
507 1689 553 1748 καὶ
566 1689 709 1767 κάστορες,
724 1689 769 1750 καὶ
780 1687 857 1750 άλλα
870 1690 954 1768 θηρία

151 1776 454 1858 τετραγωνοπρόσωπα,
462 1781 517 1837 τοῖν
529 1776 565 1837 τά
579 1778 701 1856 δέρματα
713 1778 778 1856 περὶ
790 1776 841 1841 τάς
854 1778 954 1857 σισύρ-

151 1865 202 1927 νας
213 1862 451 1942 παραρράπτεται·
473 1866 519 1924 καὶ
532 1869 560 1925 οῖ
573 1865 665 1946 ὄρχιες
681 1862 796 1927 αὐτοῖσί
809 1870 867 1927 εῖσι
884 1866 953 1946 χρή,-

152 1977 234 2028 σιμοι
246 1955 274 2015 ές
286 1951 425 2028 ὑστερέων
438 1950 546 2012 ἄκεσιν.

192 2039 394 2116 Σαυροματέων
408 2038 438 2098 δὲ
450 2040 515 2116 πέρι
529 2035 582 2098 ὧδε
594 2040 716 2120 λέγεται·
737 2039 784 2100 ὅτε
793 2040 933 2118 Ἕλληνες
943 2043 1001 2101 110

150 2126 294 2204 ἈμαζόσιΙ
310 2126 496 2205 ἐμαχέσαντο,
511 2126 573 2205 (τοῖς
594 2126 624 2185 δὲ
642 2127 798 2205 Ἀμαζόνας
818 2130 953 2188 καλέουσι

152 2217 181 2275 οί
201 2214 307 2280 Σκύθαι
328 2213 486 2290 Οἰόρπατα·
506 2212 619 2273 δύναται
639 2214 669 2273 δὲ
687 2214 720 2275 τό
742 2214 847 2292 οὕνομα
870 2220 953 2277 τοῦτο

153 2303 224 2363 κατοὶ
248 2301 377 2361 Ἐλλάδα
399 2304 538 2382 γλῶσσαν
561 2300 748 2379 ἀνδροκτόνοι·
780 2309 872 2362 OIOP
897 2303 954 2385 γάρ

153 2390 288 2450 καλέουσι
307 2388 358 2449 τόν
380 2386 475 2465 ἄνδρα,
495 2388 529 2450 τά
554 2389 584 2449 δὲ
604 2397 710 2451 RATA
734 2392 869 2473 κτείνεινῑ)
890 2390 954 2453 τότε

152 2478 247 2560 λόγος,
268 2476 335 2541 τοῖς
350 2476 503 2553 Ἕλληνας,
526 2477 695 2554 νικήσαντας
715 2482 751 2559 τῇ
772 2480 818 2539 ε’πὶ
840 2480 952 2558 Θερμώ-

153 2567 228 2627 δοντι
260 2565 350 2646 μάχη,
378 2564 533 2627 α’ποπλέειν
563 2565 682 2648 ἄγοντας
715 2568 796 2644 τρισὶ·
825 2570 955 2629 πλοίοισι

152 2658 207 2714 τοῖν
231 2654 398 2732 Ἀμαζόνων
416 2653 487 2718 ὅσας
508 2654 642 2731 ἠδυνέατο
665 2657 819 2737 ζωγρῆσαι·
852 2656 904 2719 τάς
925 2657 955 2716 δὲ

153 2746 183 2803 έν
208 2746 247 2822 τῷ
272 2742 390 2825 πελάγεϊ
417 2744 588 2821 ἐπιθεμένας,
611 2744 727 2822 ε’κκόψαι
753 2743 817 2807 τούς
844 2742 955 2820 ἄνδρας·

153 2833 243 2889 πλοῖα
268 2830 298 2889 δὲ
326 2830 358 2890 ού
392 2831 539 2912 γινώσκειν
571 2829 664 2902 αὗτιῖς,
694 2830 758 2889 οὐδὲ
788 2832 956 2907 πηδαλίοισι

153 2918 288 2995 χρῆσθαι,
317 2917 380 2978 οὐδὲ
409 2920 534 2990 ἱστίοισι,
563 2917 626 2979 ούδὲ
656 2918 770 2997 εἰρεσίη·
801 2917 866 2977 ἀλλ’
896 2920 956 2979 ἐπεὶ

155 3006 291 3083 ἐξέκοψαν
315 3006 380 3069 τούς
406 3005 515 3085 ἄνδρας,
544 3008 678 3085 ἐφέροντο
706 3006 776 3066 κατὰ
804 3010 878 3084 κῦμα
911 3007 957 3067 καὶ

154 3093 266 3171 άνεμον·
296 3094 343 3153 καὶ
366 3093 542 3155 ἀπικνέονται
564 3100 615 3170 τῆς
638 3096 740 3173 λίμνης
762 3099 813 3171 τῆς
836 3095 957 3172 Μαιήτι-

154 3182 203 3245 δος
228 3182 274 3241 ἐπὶ
302 3183 461 3259 Κρημνούς·
491 3186 519 3243 οἱ
545 3183 575 3242 δὲ
598 3184 727 3262 Κρημνοὶ
752 3185 808 3244 εἰσὶ
832 3186 885 3263 γῆς
907 3188 958 3259 τῆς

155 3271 284 3333 Σκυθέων
295 3273 352 3333 τῶν
364 3270 525 3349 ἐλευθέρων·
539 3270 658 3333 ἐνθαῦτα
670 3271 821 3350 άποβιῖσαι
834 3269 890 3331 οἷπδ
903 3275 958 3333 τοῖν
