2150 3500
122 125 262 188 ιιι-υτ]
321 128 325 135 ·
403 124 630 173 mmmmm.
875 123 923 170 ιιι

119 203 293 279 χρηστηρίου
310 206 369 262 -τοῦ
394 202 545 283 γενομένου
570 203 766 277 ἔνΔελφοῖσι
790 199 863 281 αὐτῷ
886 199 933 259 καὶ

120 289 177 348 ἀπό
193 294 245 364 τῆς
260 293 342 365 τιμῆς
361 289 413 364 τήν
432 289 570 368 ἔσχεπήν
584 288 739 365 ἐπωνυμίην
752 288 924 366 ποιεύμενος·

120 379 227 453 Λίβυες
245 377 302 458 γάρ
322 379 448 453 βασιλέα
469 376 580 438 Βάττον
594 369 738 436 καλέουσι·
761 377 807 435 καὶ
824 376 925 436 τούτου

121 463 212 524 εἵνεκα
232 463 317 524 δοκέω
338 458 529 536 θεσπίζουσαν
544 464 597 540 τήν
614 457 724 538 Πυθίην
740 465 860 523 καλέσαι
877 489 926 540 μιν

119 550 237 629 Λιβυκῇ
248 548 378 632 γλώσσῃ,
388 552 490 612 εἰδυῖαν
500 545 685 629 ώςιβασιλειίς
693 551 772 610 ἔσται
784 545 925 629 ἔνΛιβόη.

121 639 185 698 ε’πεί
201 664 233 697 τε
250 638 307 719 γὰρ
327 634 456 717 ἠνδρώθη
472 637 565 709 οὗτος,
578 640 650 710 ηλθε
667 643 694 703 ἔς
711 636 844 714 Δελφοιίς
860 637 924 716 περὶ

120 729 287 802 τῆςφωνῆς·
309 727 498 803 ε’πειρωτέοντι
512 727 544 786 δέ
555 729 582 786 οἰ
594 730 652 806 χρᾷ
665 725 684 801 ἦ
697 727 792 801 Πυθίη
805 725 880 784 τάδε·

188 829 271 887 Βάττ’,
285 830 325 878 ἐπι
336 831 417 890 φωνὴν
427 829 509 889 ρας·
527 828 587 890 avae
598 831 624 879 τι
635 846 664 878 σε
674 809 898 892 moenam

188 903 212 950 ἐς
222 901 316 964 Διβύην
326 903 417 960 πέμπει
427 901 581 962 μηλοτρόφον
591 902 724 961 οἰκιστῆρα.

122 985 219 1064 ὥσπερ
233 988 261 1047 ἐἰ
277 989 350 1047 εἴποι
362 988 482 1048 Ἑλλάδι
497 987 621 1068 γλώσσῃ
634 987 786 1066 χρεωμένη·
818 985 861 1045 “ώ
873 987 928 1062 βα-

122 1079 215 1145 σιλεῦ,
234 1075 281 1134 ε’πὶ
301 1076 397 1151 φωνήν
416 1075 527 1151 ἦλθες.”
570 1075 587 1136 ἀ
609 1076 640 1135 δὲ
662 1074 797 1151 ἀμείβετο
818 1074 925 1134 τοῖσδε·

123 1173 143 1198 “
151 1162 232 1233 ὦναξ,
243 1162 297 1244 ε’γώ
310 1166 362 1240 μὲν
374 1162 464 1239 ἦλθον
473 1163 552 1240 παρὰ
565 1165 600 1223 σέ
612 1157 865 1242 χρησόμενοςίπερὶ
878 1167 929 1238 τῆς

124 1256 229 1327 φωνῆς·
249 1251 289 1310 σύ
306 1251 337 1310 δέ
352 1276 403 1328 μοι
418 1249 496 1310 ἀλλα
516 1251 638 1312 ἀδύνατα
658 1255 730 1330 χρᾷς
748 1250 867 1309 κελεύων
879 1257 928 1309 Λι-

123 1339 200 1414 βύην
215 1337 376 1409 ἀποικίζειν·
404 1332 464 1418 τέιρ1
476 1339 608 1416 δυνάμει;
636 1339 698 1415 κοίη
715 1337 791 1417 χειρί
798 1336 822 1407 ;”
842 1341 930 1397 ταῦτα

125 1425 216 1506 λέγων
236 1424 297 1484 οὐκὶ
317 1427 410 1487 ἔπειθε
424 1424 502 1485 ἀλλα
519 1429 547 1485 οἶ
563 1431 645 1505 χρᾶν·
667 1425 703 1488 ώς
715 1425 745 1484 δὲ
759 1423 830 1483 κατά
842 1423 930 1483 ταιῖτιί

125 1513 259 1584 ἐθέσπιζέ
278 1515 306 1572 οἱ
325 1513 371 1572 καὶ
387 1513 532 1592 πρότερον,
547 1515 640 1592 οἴχετο
658 1512 764 1590 μεταξιί
783 1510 931 1571 ἀπολιπών

125 1598 143 1657 o‘
164 1600 273 1663 Βάττος
289 1606 316 1664 ἔς
333 1600 386 1676 τήν
402 1599 507 1677 Θήρην.
542 1601 624 1661 Μετοὶ
638 1602 676 1672 δὲ,
690 1600 763 1680 αὐτῷ
778 1626 809 1659 τε
822 1599 910 1680 τούτῳ
920 1599 978 1659 156

127 1687 175 1745 καὶ
187 1692 263 1746 τοῖσι
276 1687 394 1749 ἄλλοισι
403 1691 553 1767 Θηραίοισι
564 1690 734 1769 συνεφέρετο
744 1687 931 1774 παλιγκότως.

125 1774 287 1856 ἀγνοεῦντες
303 1777 333 1836 δὲ
349 1776 399 1841 τάς
415 1778 567 1856 συμφορὰς
586 1779 613 1838 οἱ
628 1782 753 1857 Θηραῖοι,
769 1779 893 1854 ἔπεμπον
904 1783 932 1841 ἔς

127 1862 262 1938 Δελφοῖς
280 1865 344 1940 περὶ
364 1869 420 1924 τοῖν
439 1866 599 1942 παρεόντων
622 1870 721 1927 κακῶν·
747 1865 767 1941 ἦ
787 1866 817 1925 δὲ
837 1866 932 1941 Πυθίη

128 1957 186 2026 σφι
198 1952 302 2029 ἔχρησε
314 1953 497 2031 συγκτίζουσι
504 1953 603 2031 Βάττῳ
618 1952 749 2028 Κυρήνην
758 1956 809 2027 τῆς
821 1952 933 2029 Λιβύης

128 2036 242 2114 ἄμεινον
248 2036 375 2114 πρήξειν.
395 2036 576 2098 ἀπέστελλον
583 2037 654 2115 μετά
669 2042 758 2097 ταῦτα
766 2038 815 2097 τάν
823 2038 933 2099 Βάττον

129 2129 156 2185 οἱ
169 2128 287 2201 Θηραῖοι
300 2124 349 2183 δύο
361 2126 615 2200 πεντηκοντέροισι·
632 2123 797 2185 πλώσαντες
807 2124 837 2183 δὲ
845 2130 872 2187 ἐς
881 2125 934 2201 τήν

129 2210 242 2288 Λιβύην
256 2208 341 2282 οὗτοι,
351 2210 384 2271 οὗ
397 2210 452 2291 γάρ
463 2210 540 2289 εἰχον
550 2210 603 2270 ὅτι
616 2210 733 2268 ποιέωσι
745 2208 829 2279 ἀλλο,
841 2210 933 2272 όπίσω

129 2298 356 2360 ἀπαλλάσσοπο
377 2303 404 2361 ές
423 2298 475 2374 τήν
492 2296 596 2373 Θήρην·
618 2299 645 2356 οἱ
665 2296 695 2355 δὲ
713 2300 831 2373 Θηραῖοι
852 2325 932 2358 κατα-

128 2388 263 2467 γομένους
284 2388 412 2462 ἔβαλλον
432 2386 478 2443 καὶ
499 2384 549 2443 οόκ
568 2386 617 2445 ἔων
637 2387 674 2464 τῇ
695 2388 734 2465 γῇ
752 2386 932 2466 προσίσχειν,

130 2474 197 2533 ἀλλ’
217 2474 309 2535 ὀπίσω
329 2472 434 2533 πλώειν
454 2473 591 2533 ε’κέλευον·
616 2476 643 2533 οἱ
661 2473 691 2532 δὲ
715 2472 934 2554 ἀναγκαζόμενοι

130 2561 222 2621 ὀπίσω
235 2560 393 2631 ἀπέπλωον,
408 2560 454 2619 καὶ
468 2561 580 2621 ἔκτισαν
588 2565 677 2631 νῆσον
687 2562 733 2621 ε’πί
741 2562 837 2641 Λιβύη
846 2564 934 2641 κειμέ-

130 2674 181 2723 νην
190 2654 226 2727 τῇ
239 2649 352 2727 οὔνομα,
362 2648 397 2713 ώς
411 2648 458 2708 καί
471 2648 608 2727 πρότερον
622 2650 721 2726 εἰρέθη,
732 2650 793 2709 ε’στὶ
807 2652 934 2710 Πλατέα.

130 2737 245 2816 λέγεται
258 2737 288 2797 δὲ
301 2738 351 2814 ἴση
365 2737 435 2798 εἶναι
447 2737 467 2813 ἦ
480 2741 568 2812 νῆσος
580 2740 615 2813 τῇ
628 2740 677 2795 νῦν
685 2738 849 2812 Κυρηναίων
856 2737 935 2798 πόλι.
985 2792 993 2809 ,

107 2826 112 2835 “
173 2823 282 2900 Ταύτην
302 2827 437 2889 οἰκέοντες
453 2825 502 2884 δύο
518 2826 590 2892 ἔτεα,
609 2822 689 2882 οὐδὲν
703 2820 758 2901 γάρ
778 2828 834 2897 σφι
847 2849 914 2901 χρη·
925 2825 982 2884 157

133 2910 204 2971 στάν
224 2914 402 2989 συνεφέρετο,
417 2915 464 2973 ἕνα
478 2911 567 2972 αὐτῶν
586 2907 786 2973 καταλιπόντες
800 2913 827 2970 οῖ
839 2914 936 2971 λοιποὶ

134 2996 235 3059 πάντες
249 2998 393 3058 ἀπέπλεον
409 3005 436 3063 ἔς
457 2998 598 3075 Δελφούς·
620 2996 785 3072 ἀπικόμενοι
798 2998 828 3057 δὲ
841 3000 887 3057 ε’πί
902 2998 936 3060 τά
980 3043 986 3054 .

133 3085 307 3164 χρηστήριον
321 3088 463 3165 ἐχρέωντο,
474 3086 596 3163 φάμενοι
609 3087 707 3146 οἰκέειν
719 3108 750 3143 πε
762 3085 814 3161 τήν
827 3086 939 3163 Λιβύην

134 3173 181 3232 καὶ
200 3171 279 3232 οὐδὲν
298 3170 411 3250 ἀμεινον
430 3174 572 3251 πρήσσειν
591 3177 737 3235 οἰκεῦντες·
757 3172 777 3249 ἡ
796 3174 826 3234 δὲ
844 3174 939 3250 Πυθίη

133 3267 192 3338 σφι
204 3258 276 3337 πρός
288 3264 377 3321 ταῦτα
389 3266 447 3340 χρᾷ
459 3260 535 3321 τάδε·
