2150 3500
177 124 211 178 ιο
482 121 667 172 ανοιονου
941 120 974 186 [1.

176 201 282 280 μηδένα
302 197 438 284 φονευειν,
450 199 523 277 μήτε
538 203 594 260 τῶν
610 199 707 260 ἄλλων
722 199 857 307 Περσέων
874 198 980 277 μηδένα

176 293 232 350 τῶν
245 291 345 348 ἑωυτοῦ
364 289 490 347 οἰκετέων
502 287 549 347 ἰτί
563 290 615 366 μιῇ
632 287 707 364 αἰτίῃ
722 286 878 362 οἰνηκεστον
889 285 980 350 πάθας
1050 316 1052 326 ·

178 377 275 454 ἔρδειν·
303 373 380 433 άλλά
398 372 623 455 λογισάμενος
605 401 640 450 ην
659 373 774 452 εῶρίσκῃ
790 374 870 432 πλέω
885 398 918 434 τε
935 375 979 433 καί

176 466 249 541 μέζω
267 463 304 524 τά
322 462 479 541 ἀδικήματα
498 462 580 524 ἐόντα
596 466 653 523 τῶν
664 460 895 542 ῶπουργημάτων,
909 460 979 521 οὕτω
1050 476 1052 539 g

176 557 215 631 τῷ
233 553 310 630 θυμῷ
324 554 436 630 χρᾶται.
470 549 631 611 ἀποκτεῖναι
648 551 679 610 δέ
698 548 797 610 οὐδένα
809 575 848 609 κω
860 549 979 629 λέγουσι
1050 546 1052 552 ¹

176 639 227 700 τῶν
247 643 347 699 ἑωυτοῦ
367 638 474 715 πατέρα
494 637 558 698 οὐδὲ
577 639 696 715 μητέρα·
721 636 800 696 ἀλλὰ
817 635 910 697 ὁκόσα
933 635 946 658 ”

177 731 292 787 τοιαῦτα
311 724 427 807 ἐγένετο,
440 728 537 786 πᾶσαν
550 724 674 806 οἷνάγκην
686 725 762 801 φασὶ
773 722 981 802 ἆναζητεόμενα

177 820 265 875 ταῦτα
284 812 463 891 ἀνευρεθῆναι
482 811 546 888 ἦτοι
565 812 763 890 ῶποβολιμαῖα
782 811 864 873 ἐόντα
884 811 903 889 ἢ
919 838 979 889 μοι

176 903 262 982 χίδια·
284 899 316 960 οὖ
334 901 391 982 γάρ
410 900 444 976 δὴ
464 901 539 977 φασὶ
555 901 630 964 οἰκός
650 900 720 961 εἰναι
736 898 835 981 τόνγε
852 899 979 976 ἀληθέως
1050 908 1051 921 ¹

131 992 189 1051 138
197 990 280 1050 τοκέα
291 987 346 1048 find
358 991 408 1049 τοῦ
422 991 523 1048 ἑωυτοῦ
540 988 640 1052 παιδός
652 986 849 1064 ἀποθνήσκειν.
878 987 980 1049 Ἀσσα

178 1077 209 1136 δέ
224 1084 281 1154 σφι
297 1075 401 1136 ποιέειν
415 1075 464 1136 οὐκ
479 1076 578 1147 ἔξεστι,
592 1080 681 1137 ταῦτα
694 1075 756 1136 οὖδέ
768 1076 863 1156 λέγειν
877 1076 978 1146 ἔξεστι.

177 1166 329 1244 αἴσχιστον
342 1163 372 1224 δὲ
388 1163 499 1224 αἰτοῖσι
511 1164 545 1224 τό
558 1163 712 1243 φείδεσθαι
727 1161 899 1239 νενόμισται·
920 1165 980 1224 δοί-
1050 1210 1051 1247 3

176 1279 243 1331 τερα
257 1253 288 1312 δέ
306 1251 340 1312 τῶ
361 1251 488 1328 ὀφείλειν
507 1253 599 1331 χρέος,
616 1253 732 1311 πολλῶν
744 1253 797 1328 μὲν
815 1251 862 1309 καὶ
880 1250 978 1312 ἄλλων

177 1341 275 1412 εἵνεκα,
289 1339 416 1418 μάλιστα
436 1341 466 1400 δέ
487 1339 639 1421 ἀναγκαίην
659 1339 734 1414 φασὶ
750 1338 818 1398 εἰναι
833 1337 884 1398 τόν
901 1338 979 1415 ὀφεί-

176 1431 265 1489 λοντα
284 1430 333 1487 καί
349 1454 377 1488 τι
398 1427 497 1506 ψεῦδος
517 1429 620 1509 λέγειν.
660 1425 692 1491 ὃς
711 1425 745 1486 ἂν
765 1425 795 1485 δέ
813 1429 869 1487 τῶν
884 1425 980 1487 α’στῶν
1050 1462 1051 1477 ι

176 1516 283 1594 λέπρην
300 1514 319 1590 ἢ
334 1514 437 1592 λεύκην
450 1517 508 1595 ἔχῃ,
522 1520 551 1578 ἒς
562 1515 647 1577 πόλιν
664 1513 745 1579 οὗτος
757 1515 790 1574 σά
804 1515 977 1594 κατέρχεται,
1050 1572 1051 1581 ,

177 1602 240 1662 οὐδὲ
260 1603 451 1683 συμμίσγεται
468 1607 545 1663 τοῖσι
558 1601 676 1663 άλλοισι
688 1603 832 1680 Πέρσῃσι·
853 1604 930 1679 φασὶ
948 1603 982 1662 δέ

176 1715 226 1768 μιν
239 1694 266 1753 ἐς
278 1689 327 1750 τῶν
340 1689 422 1767 ἥλιον
432 1688 592 1769 ἁμαρτόντα
604 1716 632 1753 τι
644 1694 733 1753 ταῦτα
747 1691 829 1770 ἔχειν·
850 1691 980 1761 ξεῖνονδέ

176 1778 267 1838 πάντα
288 1775 339 1838 τόν
361 1778 581 1856 λαμβανόμενον
600 1778 657 1840 ῶπιί
679 1778 784 1839 τούτων
804 1779 911 1839 πολλοὶ
932 1780 980 1840 καί

176 1863 326 1927 ἐλαύνουσι
344 1871 375 1925 ἐκ
390 1870 440 1941 τῆς
452 1866 552 1947 χῶρης,
566 1868 614 1927 καί
625 1866 676 1930 τάς
687 1866 789 1930 λευκὰς
801 1866 978 1945 περιστεράς,
1050 1869 1051 1882 ¹

176 1952 228 2029 τήν
247 1952 333 2029 αὐτὴν
351 1954 441 2031 αἰτίην
458 1956 645 2033 ἐπιφέροντες.
679 1958 708 2017 ἐς
726 1953 854 2031 ποταμόν
869 1954 904 2013 δέ
915 1953 981 2015 οὔτε
1050 1957 1051 1972 ¹

176 2040 335 2118 ἐνουρέουσι
350 2039 413 2102 οὔτε
430 2042 593 2121 ἐμπτύουσι,
607 2042 639 2103 οὖ
651 2046 747 2122 χεῖρας
763 2042 980 2115 ἐναπονίζονται,

176 2127 239 2189 οὐδὲ
253 2127 344 2190 ἄλλον
356 2129 454 2191 οὐδένα
466 2132 640 2209 περιορέωσι,
653 2130 732 2189 ἀλλὰ
744 2130 881 2205 σέβονται
893 2155 982 2191 ποτα·

130 2219 186 2278 139
196 2218 267 2295 μοῶς
289 2218 427 2295 μάλιστα.
468 2220 527 2279 Καὶ
546 2219 610 2279 τάδε
629 2218 705 2277 ἄλλο
726 2223 782 2293 σφι
802 2214 854 2276 ὧδε
871 2219 981 2294 συμπέ-

177 2331 270 2365 πτωκε
280 2307 418 2386 γίνεσθαι,
430 2306 464 2367 τό
478 2308 595 2385 Πέρσας
606 2308 658 2383 μέν
666 2304 766 2369 αὖτοιίς
779 2304 884 2381 λέληθε
890 2304 982 2383 ἡμέας

175 2394 272 2469 μέντοι
290 2393 333 2451 οὔ·
354 2392 390 2453 τά
408 2393 551 2471 οὐνόματά
563 2401 628 2472 σφι,
643 2392 724 2453 ε’όντα
737 2392 821 2470 ὁμοῖα
832 2396 912 2452 τοῖσι
924 2394 981 2454 σῶ-

175 2503 249 2555 μασι
271 2480 317 2538 καί
336 2484 373 2557 τῇ
397 2483 635 2561 μεγαλοπρεπείῃ,
656 2484 809 2541 τελευτῶσι
834 2479 929 2541 πάντα
952 2487 982 2545 ἐς
1050 2557 1051 2560 ¹

175 2565 263 2625 τώυτό
283 2566 409 2678 γράμμα,
422 2567 456 2628 τό
470 2570 589 2645 Δωριέες
604 2569 657 2646 μέν
670 2567 730 2632 Σῶν
743 2567 878 2628 καλέουσι
884 2567 982 2633 ’Ίωνες

176 2652 206 2712 δὲ
226 2654 367 2734 Σίγμα·’
354 2680 381 2717 ες
397 2659 481 2715 τοῦτο
502 2655 695 2734 διζήμενος
664 2655 791 2733 ευρήσεις
806 2660 982 2717 τελευτῶντα

175 2744 231 2801 τῶν
245 2742 379 2851 Περσέων
392 2742 428 2803 τοὶ
442 2740 633 2821 οὗνόματα,’
600 2769 632 2804 ου
645 2770 681 2805 τα
693 2746 746 2822 μέν
757 2769 794 2804 τα
784 2742 882 2803 ἱ*δέ
849 2743 981 2815 ον,α’λ.λο

177 2828 269 2890 πάντα
281 2828 392 2907 ὁμοίως

131 2917 187 2977 140
235 2919 330 2977 Ταῦτα
341 2919 394 2996 μὲν
406 2917 540 2997 ἀτρεκέως
552 2920 606 2999 ἔχω
618 2919 682 2997 περὶ
694 2917 785 2979 αὐτῶν
796 2917 872 2983 εἰδῶς
882 2921 980 2980 εἰπεῖν·

174 3004 241 3065 τάδε
249 3006 345 3082 μέντοι
358 3005 394 3069 ῶς
407 3005 584 3084 κρυπτόμενα
592 3008 714 3088 λέγεται,
723 3008 770 3065 καί
778 3005 811 3065 οὔ
819 3008 979 3083 σαφηνέως·

177 3093 240 3169 περὶ
257 3098 307 3152 τοῦ
323 3092 520 3165 ἀποθανόντος,
534 3093 571 3156 ῶς
589 3092 622 3153 οὗ
635 3092 771 3170 πρότερον
784 3093 921 3155 θάπτεται
932 3093 980 3155 άν-

178 3176 244 3254 390³«,-
263 3181 382 3258 Πέρσεω
398 3180 414 3240 ὁ
431 3182 517 3251 νέκυς,
538 3181 605 3258 πρὶν
624 3178 658 3240 ἂν
675 3180 721 3240 ὑπ’
739 3180 848 3257 ὄρνιθος
863 3178 883 3257 ἢ
899 3180 982 3245 κυνός

176 3266 356 3342 ἑλκυσθῆναι·
376 3266 494 3348 (μάγους
508 3270 561 3345 μὲν
572 3265 630 3349 γάρ
649 3266 783 3344 άτρεκέως
795 3266 859 3328 οἴδα
870 3269 981 3332 ποιέον·
