2150 3500
97 127 241 194 ιιι-ιιι]
452 128 587 182 omn.
708 123 711 129 '
853 138 903 187 που

94 208 186 287 ὁρέων
198 208 231 269 δέ
244 214 337 286 σφεας
353 207 390 269 τά
403 235 436 271 τε
450 211 559 288 βιβλία
576 209 752 286 σεβομένους
764 214 901 294 μεγάλως,

93 298 146 357 καὶ
163 297 199 358 τά
214 296 355 379 λεγόμενα
373 302 404 357 ἐκ
421 301 477 359 τῶν
491 299 618 375 βιβλίων
633 297 674 356 ἐτι
690 298 817 375 μεζόνως,
831 302 904 363 διδοῖ

94 382 174 443 ἅλλα
192 390 222 445 ἐν
237 388 276 464 τῷ
291 388 356 460 ε’νῆν
373 386 441 445 ἔπεα
457 384 533 446 τάδε·
554 385 602 444 “ὦ
626 385 745 461 Πέρσαι,
761 389 902 464 βασιλεῦς

94 475 218 551 Δαρεῖος
233 470 400 553 ἀπαγορεύει
416 472 483 549 ύμῖν
497 473 537 549 μη
552 473 732 551 δορυφορέειν
743 476 901 551 Ὀροίτεα·”

95 563 125 618 οἱ
149 560 178 619 δὲ
201 558 371 623 ἀκούσαντες
390 558 494 620 τούτων
516 560 640 636 μετῆκάν
663 565 690 621 οἶ
711 562 762 628 τοὶς
781 566 895 643 αἰχμάς·

96 646 162 707 ίδιδν
175 648 205 707 δὲ
217 646 301 708 τοῦτό
315 653 407 722 σφεας
420 646 436 707 ό
450 652 574 728 Βαγαῖος
585 649 764 731 πειθομένους
776 656 815 731 τῷ
826 654 897 729 βιβ-

96 735 159 814 λίῳ,
169 736 287 797 ἐνθαῦτα
297 734 330 810 δὴ
340 734 488 813 θαρσήσας
498 735 531 795 τό
542 740 764 799 τελευταῖοντῶν
773 741 900 817 βιβλίων

96 822 171 883 διδοῖ
181 827 220 903 τῷ
232 827 442 905 γραμματιστῇ,
457 828 486 883 ἐν
497 826 537 901 τῷ
550 824 715 904 ἐγέγραπτο·
731 834 750 861 “
759 828 900 893 Βασιλεύς

97 914 218 988 Δαρεῖος
233 912 368 989 Πέρσησι
382 914 459 970 τοῖσι
476 914 506 971 ἐν
522 910 641 987 Σάρδισι
657 913 816 975 ἐντέλλεται
829 917 899 976 κτεί·

96 1024 154 1059 νειν
166 997 320 1076 Ὀροίτεα.”
355 1001 382 1059 οἱ
398 998 428 1057 δὲ
444 998 597 1076 δορυφόροι
613 998 648 1062 ὦς
660 997 786 1075 ἥκουσαν
801 1007 897 1078 ταῦτα,

96 1086 279 1163 σπασάμενοι
290 1085 355 1149 πούς
369 1085 513 1149 όκινάκεας
523 1088 662 1147 κτείνουσι
670 1090 827 1165 παραυτίκα
839 1118 898 1168 μιν.

97 1172 169 1234 οὕτω
195 1175 229 1249 δὴ
251 1174 380 1252 Ὀροίτεα
406 1174 456 1235 τόν
482 1174 599 1251 Πέρσην
626 1176 824 1254 Πολυκράτεος
845 1183 898 1240 τοῦ

97 1262 207 1338 Σαμίου
219 1262 308 1327 τίσιες
320 1262 471 1338 μετῆλθον.

137 1348 325 1427 Ἀπικομένων
336 1350 365 1409 δὲ
376 1350 422 1408 καὶ
431 1348 674 1427 ἀνακομισθέντων
682 1354 738 1411 πῶν
746 1351 878 1429 Ὀροίτεω
888 1357 945 1415 129

95 1436 247 1517 χρημάτων
264 1444 291 1501 ἐς
306 1436 342 1498 τοὶ
363 1438 468 1508 Σοῦσα,
486 1438 629 1513 συνήνεικε
644 1438 736 1518 χρόνῳ
751 1439 784 1499 ού
800 1445 900 1521 πολλῷ

96 1525 217 1605 ὕστερον
236 1526 364 1609 βασιλέα
381 1529 502 1603 Δαρεῖον
522 1531 552 1587 ἐν
568 1525 640 1606 ἄγρῃ
661 1528 753 1604 θηρῶν
772 1527 899 1606 οἷποθριό-

97 1638 207 1675 σκοντα
216 1613 273 1675 οἷπδ
288 1614 374 1674 ἵππου
388 1618 550 1691 στραφῆναι
562 1613 612 1673 τόν
624 1614 707 1674 πόδα·
728 1617 777 1675 καί
789 1643 842 1680 κως
855 1621 897 1678 ἷσ·

96 1702 252 1782 χυροτέρως
265 1701 403 1781 ἐστράφη·
420 1702 435 1764 ὁ
447 1702 503 1784 γάρ
515 1705 542 1763 οἱ
551 1699 731 1784 α’στράγαλος
742 1704 898 1784 ἐξεχώρησε

96 1797 129 1850 ἐκ
141 1795 196 1852 τῶν
205 1789 323 1868 ἄρθρων.
351 1791 469 1868 νομίζων
480 1791 509 1851 δὲ
523 1790 569 1850 καὶ
579 1790 714 1869 πρότερον
724 1793 788 1870 περὶ
798 1795 899 1855 ἑωυτόν

98 1879 171 1958 ἐχειν
187 1879 345 1960 Αἰγυπτίων
364 1877 429 1941 ποῦς
449 1877 594 1941 δοκέοντας
611 1877 681 1938 εἶναι
702 1879 827 1956 πρώτους
846 1881 898 1958 τὴν
941 1894 945 1898 ’

98 1965 231 2045 ἰητρικὴν,
248 1965 374 2028 τούτοισι
394 1969 505 2046 ἐχρῆτο·
527 1968 555 2025 οἷ
574 1966 605 2025 δὲ
624 1968 831 2043 στρεβλοῦντες
850 1970 898 2028 καὶ

96 2055 232 2132 βιώμενοι
244 2055 295 2115 τόν
307 2054 389 2124 πόδα,
397 2054 489 2114 ’κακόν
500 2054 586 2131 μέζον
599 2053 758 2134 ἐργάζοντο·
775 2054 817 2113 ἐπ’
828 2055 898 2116 ἔπτὰ

95 2145 149 2220 μὲν
167 2143 202 2220 δὴ
217 2141 323 2220 η’μέρας
341 2143 388 2202 καὶ
406 2139 475 2200 ἐπτιὶ
493 2139 593 2203 νύκτας
606 2139 663 2200 ύπδ
677 2144 728 2200 τοῦ
746 2142 897 2218 παρεόντος

97 2234 184 2291 κακοῦ
198 2229 214 2290 ό
227 2235 348 2308 Δαρεῖος
363 2227 534 2311 ἀγρυπνίῃσι
548 2228 648 2307 εἴχετο·
667 2231 704 2306 τῇ
717 2227 747 2287 δέ
762 2228 796 2303 δὴ
809 2228 896 2311 ὀγδόη

95 2317 187 2397 η’μέρῃ
209 2319 304 2398 ἔχοντί
322 2321 350 2378 οἱ
364 2315 511 2394 φλαύρως,
534 2315 581 2375 οἶα
601 2314 636 2391 δὴ
655 2315 837 2392 παρακούσας
855 2344 898 2382 τις

95 2407 233 2485 πρότερον
246 2408 286 2466 ἔτι
303 2411 332 2466 ἐν
348 2403 467 2482 Σάρδισι
483 2407 534 2465 τοῦ
550 2401 748 2481 Κροτωνιήτεω
765 2404 897 2482 Δημοκή-

95 2495 159 2559 δεος
173 2494 226 2571 τὴν
238 2495 347 2574 τέχνην,
362 2493 532 2574 ἐπαγγέλλει
546 2495 585 2571 τῷ
599 2491 717 2572 Δαρείῳ·
738 2491 754 2553 ὁ
771 2493 801 2552 δὲ
818 2492 896 2576 ἄγειν

95 2608 146 2662 μιν
160 2582 213 2659 την
231 2583 371 2663 ταχίστην
387 2579 453 2659 παρ’
466 2579 567 2641 ε’ωυτὸν
583 2581 723 2642 ἐκέλευσε.
755 2580 805 2641 τόν
818 2581 848 2641 δὲ
861 2582 897 2646 ὥς

95 2672 242 2748 ἐξεῦρον’
229 2696 259 2732 εν
281 2675 359 2731 τοῖσι
383 2668 515 2747 Ὀροίτεω
537 2667 785 2746 ,ἀνδραπόδοισι
769 2695 835 2728 οκου
862 2669 897 2745 δὴ

94 2757 322 2838 ἀπημελημένον,
335 2761 463 2840 παρῆγον
481 2761 509 2820 ἐς
526 2756 616 2834 μέσον
628 2756 715 2818 πέδας
725 2780 757 2814 τε
770 2756 912 2828 ἕλκοντα,

94 2848 142 2908 καὶ
157 2847 257 2926 ῥάκεσι
270 2847 440 2924 ἐσθημένον.
475 2845 617 2910 Σταθέντα
635 2843 696 2903 δὲ’
683 2869 711 2905 ες
728 2843 826 2918 μέσον,
841 2870 874 2902 ει·
857 2845 944 2904 ’130

92 2935 170 3014 ριότα
190 2936 206 2996 ό
228 2938 347 3013 Δαρεῖος
364 2933 417 3008 τὴν
431 2929 532 3012 τέχνην
551 2937 575 2992 εἰ
590 2932 745 2992 ἐπίσταιτο·
766 2929 878 2990 ὁδ’
846 2957 896 2990 ουκ

92 3024 250 3094 ὗπεδέκετο,
264 3023 406 3101 οἷρρωδέων
416 3020 455 3098 μὴ
470 3019 569 3080 έωυτὸν
583 3018 706 3098 ἐκφῄνας
717 3018 751 3079 τό
764 3016 897 3094 παράπαν

91 3115 145 3186 τῆς
170 3109 351 3174 Ελλαδος
331 3137 351 3189 η
378 3107 610 3215 ἀπεστερημένος·
642 3106 785 3183 κατεφάνη
807 3105 897 3165 δέ
858 3132 898 3185 τω

93 3199 205 3308 Δρρείιρ
218 3197 397 3282 τεχνάζειν,’
380 3194 577 3303 επιστρίμενος·
598 3194 645 3253 καὶ
656 3219 722 3257 τους
741 3192 898 3274 ἀγαγόντας

92 3284 181 3347 αὐτόν
197 3286 328 3344 ἐκέλευσε
349 3281 489 3360 μάστιγάς
503 3305 535 3341 τε
553 3281 600 3340 καὶ
613 3281 713 3358 κέντρα
725 3280 898 3357 παραφέρειν
