2150 3500
192 105 241 152 ιω
499 101 684 152 Ἣιοιοποτ
949 99 1002 167 [11

191 180 456 264 ιημέρους“ιίγοντες
465 181 531 246 τούς
543 181 665 242 δυώδεκα
676 185 774 261 μῆνας,
788 181 936 264 ἐπάγουσι
949 181 1003 243 ιίνᾶ

192 273 251 329 πᾶν
263 269 323 333 ἔτος
334 270 418 330 πέντε
429 270 534 347 ἡμέρας
546 269 637 347 πάρεξ
652 267 703 331 τοῦ
716 268 846 347 όριθμοιῖ·
876 271 931 330 καί
946 277 1003 346 σφι

193 356 212 418 ό
231 355 332 422 κύκλος
349 361 404 418 τῶν
420 357 511 436 ώρέων
526 363 555 422 ἐς
568 356 656 419 τώυτδ
676 357 789 435 περιῖοίν
801 359 1002 439 παραγίνεται.

192 444 314 506 δυώδεκά
324 454 356 507 τε
369 446 440 507 θεοῖν
452 445 605 523 ἐπωνυμίας
618 447 716 527 ἔλεγον
727 445 853 522 πρώτους
863 448 1002 527 Αἶγιπττί-

194 559 242 598 ονς
253 534 376 610 νομίσαι,
397 534 443 593 καὶ
453 533 599 610 Ἕλληνας
615 534 693 612 παραὶ
712 533 809 609 σφέων
828 531 1000 610 ἀναλαβεῖν

192 621 309 700 βωμούς
327 647 359 683 τε
376 623 424 682 καί
438 621 591 704 ἀγάλματα
607 622 654 681 καὶ
675 621 758 698 νηούς
777 623 871 682 θεοῖσι
887 621 1002 682 ἀπονεῖ-

193 735 246 787 μαι
266 710 360 787 σφέας
378 709 512 787 πρώτους,
528 709 575 769 καὶ
592 709 648 780 ζιῖα
669 713 699 770 ἐν
716 709 824 770 λίθοισι
846 709 999 790 ἐγγλύψαι

195 799 242 857 καὶ
263 797 367 859 τούτων
386 799 439 876 μέν
458 824 507 860 νυν
525 796 562 859 πιῖ
583 798 661 856 πλέω
675 797 754 878 ,ἐργῳ
781 796 901 873 ἐδήλουν
931 795 1002 858 οὕτω

193 885 337 967 γενόμενα·
363 888 542 965 βασιλεῦσαι
558 885 587 944 δέ
603 888 714 963 πρῶτον
729 883 875 966 Αἰγύπτου
892 884 1002 964 οἶνθρώ·

153 968 156 973 ⁴
194 999 254 1034 πων
267 975 364 1055 ἔλεγον
377 977 472 1050 Μήνα·
496 974 542 1033 ἐπί
558 972 666 1044 τούτου,
685 973 763 1050 πλήν
779 976 830 1033 τοῦ
847 976 1001 1050 Θηβαϊκοῦ

194 1065 282 1138 νομοῦ
298 1066 396 1123 πᾶσαν
413 1062 558 1144 Αἴγυπτον
573 1060 731 1140 εἰναι-ἕλος
761 1062 808 1120 καὶ
827 1060 917 1137 αὐτῆς
932 1062 1001 1124 εἶναι

195 1148 275 1210 οὐδὲν
288 1148 425 1230 ύπερέχον
439 1153 495 1210 τοῖν
511 1153 562 1210 νῦν
579 1149 671 1226 ἔνερθε
690 1149 792 1226 λίμνης
807 1153 859 1226 τῆς
876 1150 1001 1228 Μοίριος

196 1235 304 1299 ἐόντων·
332 1243 360 1302 ἐς
376 1237 428 1315 τήν
443 1235 585 1300 ἀνόπλους
602 1236 658 1297 ἅπδ
677 1236 827 1314 θαλάσσης
846 1237 920 1298 ἐπτοῖ
934 1238 1000 1316 ἦμε-
1054 1305 1055 1308 ¹

167 1328 187 1385 5
193 1325 264 1403 ρέων
283 1327 346 1402 ἐστὶ
368 1324 422 1386 ιίνιῖ
439 1324 490 1386 τδν
508 1324 647 1402 ποταμόν.
689 1325 748 1384 Καί
768 1325 798 1384 εὖ
817 1351 868 1402 μοι
886 1325 1000 1388 ἐδόκεον

195 1415 289 1496 λέγειν
301 1415 366 1493 περὶ
378 1417 430 1490 τῆς
447 1411 547 1492 χώρης·
576 1413 651 1488 δῆλα
667 1412 723 1494 γὰρ
741 1413 839 1489 δήκαὶ
854 1413 897 1491 μή
911 1420 1000 1492 προα-
1054 1485 1055 1494 γ

196 1501 330 1563 κόύσαντι
346 1501 431 1562 ἰδόντι
444 1501 482 1570 δέ,
503 1499 584 1564 ὅστις
599 1526 633 1581 γε
646 1500 762 1562 σύνεσιν
777 1502 841 1580 ἔχει,
854 1500 899 1562 ότι
910 1497 1000 1584 Αἶγα

195 1615 273 1660 πτας,
302 1594 331 1652 ἐς
357 1587 410 1666 τήν
431 1586 571 1664 Ἕλληνες
594 1589 800 1659 ναυτίλλονται,
827 1589 889 1649 ἐστι
912 1593 1000 1672 Αἰγω

195 1677 305 1738 πτίοισι
317 1675 462 1755 ἐπίκτητός
472 1701 504 1736 τε
513 1679 553 1757 γῆ
567 1676 612 1736 καὶ
625 1676 712 1755 διῖρον
720 1681 770 1736 τοῦ
783 1681 924 1755 ποταμοῦ·
954 1680 999 1740 καί

193 1766 230 1827 τεί
251 1764 405 1843 κατύπερθε
429 1765 469 1825 ἔτι
489 1769 541 1841 τῆς
560 1766 662 1842 λίμνης
684 1764 786 1842 ταύτης
808 1766 893 1846 μέχρι
912 1772 999 1844 τριῶν

193 1854 318 1932 ἡμερέων
331 1852 433 1925 πλόου,
450 1856 502 1930 τῆς
516 1853 582 1931 πέρι
595 1858 693 1915 ἐκεῖνοι
706 1852 785 1915 ούδέν
797 1853 837 1914 ἐτι
861 1852 994 1939 [τοιόνδε]

194 1944 300 2024 ἐλιγον
329 1941 426 2002 ἔστιδ’
440 1942 680 2020 ἐπεροντοιοΰτον.

235 2030 379 2114 Αἰγύπτου
407 2029 463 2111 γὰρ
490 2028 577 2106 φύσις
608 2033 659 2106 τῆς
687 2028 780 2109 χώρης
806 2030 868 2091 ἐστὶ
893 2031 996 2109 τοιήδε·

194 2125 292 2199 πριῖτα
306 2122 359 2201 μέν
375 2119 554 2199 προσπλέων,
572 2118 612 2178 ἐτι
632 2118 678 2177 καί
694 2117 801 2195 ἡμέρης
813 2116 918 2196 δρόμον
931 2120 996 2182 οἰπέ-

193 2236 252 2289 χων
276 2209 333 2270 οἷπδ
359 2212 420 2290 γῆς,
450 2207 542 2270 κατεὶς
568 2206 817 2283 καταπειρητηρίην
846 2206 943 2283 πηλόν
966 2234 996 2271 τε

193 2297 316 2362 α’νοίσεις
332 2297 378 2356 καὶ
403 2300 431 2356 ἐν
452 2294 549 2355 ἕνδεκα
568 2292 699 2375 ὀργυιῇσι
721 2294 807 2353 ἐσεαι.
841 2298 926 2356 τοῦτο
946 2299 996 2372 μέν

168 2385 241 2444 6ἐπί
253 2386 374 2446 τοσοῦτο
388 2382 471 2458 δηλοῖ
481 2380 623 2461 πρόχυσιν
634 2385 685 2457 τῆς
696 2385 750 2463 γῆς
762 2384 873 2443 ἐοῦσαν.
903 2382 995 2461 Αύτῆς
1053 2438 1054 2445 ,

195 2470 226 2530 δέ
244 2475 296 2547 τῆς
315 2467 458 2550 Αἰγύπτου
480 2469 544 2528 ἐστὶ
568 2472 658 2545 μῆκος
679 2468 713 2529 τδ
739 2468 817 2547 παροὶ
843 2469 995 2533 θάλασσαν
1053 2476 1054 2520 ἶ

195 2556 331 2634 ἐξήκοντα
350 2558 470 2635 σχοῖνοι,
495 2555 566 2617 κατὰ
583 2556 667 2633 ήμέες
686 2556 841 2633 διαιρέομεν
861 2556 933 2619 εἰναι
948 2561 995 2619 Αἰ-

194 2670 301 2727 γυπτον
314 2643 370 2705 ἅπιῖ
384 2647 435 2704 τοῦ
452 2643 647 2720 Πλινθινήτεω
665 2643 773 2705 κόλπου
784 2644 870 2726 μέχρι
882 2646 994 2725 Σερβω-

197 2734 271 2798 νῶος
282 2732 391 2810 λίμνης,
404 2731 469 2810 παρ’
482 2730 518 2808 ἣν
529 2732 563 2793 τδ
576 2731 688 2794 Κόσιον
700 2731 765 2811 ὄρος
782 2734 872 2795 τείνει·
893 2734 995 2812 ταύτης

195 2821 233 2884 ὧν
255 2820 311 2882 ἄπο
335 2824 363 2882 οἰ
388 2819 521 2897 ἐξήκοντα
541 2822 656 2899 σχοῖνοί
680 2823 745 2881 εἰσι·
778 2820 844 2883 ὅσοι
869 2823 994 2904 μὲνγὰρ

194 2910 343 2992 γεωπεῖναί
353 2912 409 2971 εἰσι
421 2908 579 2988 ἀνθρώπων,
597 2908 728 2990 α’ργυιῇσι
739 2908 931 2988 μεμετρήκασι
944 2910 994 2987 τήν

194 2999 297 3079 χώρην·
324 2998 390 3059 ὅσοι
409 2998 439 3057 δέ
451 2996 547 3073 ἧσσον
566 3000 721 3078 γεωπεῖναι,
744 2997 894 3057 σταδίοισι·
919 2997 948 3058 οῖ
965 2999 994 3059 δέ

194 3086 308 3163 πολλὴν
323 3087 430 3166 έχουσι,
446 3083 661 3166 παρασάγγησι·
678 3084 706 3145 οἰ
725 3085 755 3145 δέ
774 3083 900 3161 ἄφθονον
919 3086 992 3163 λίην,

194 3175 344 3254 σχοίνοισι
385 3171 570 3235 δύναταιδέό
582 3176 635 3252 μὲν
647 3171 835 3255 παρασάγγης
846 3173 994 3249 τριήκοντα

194 3261 306 3334 στάδια,
318 3261 336 3323 ό
348 3261 379 3323 δέ
387 3264 503 3343 σχοῖνος
515 3259 642 3332 ἕκαστος,
655 3260 758 3339 μέτρον
773 3260 819 3323 ἐδν
832 3260 992 3342 Αἰγύπτιον,
1052 3256 1053 3333 ἰ
