2150 3500
185 80 235 126 120
482 74 667 124 ΙΙΡΟΔΟΤΟῚΙ
934 73 982 138 [IL

186 154 285 231 ἀρέων,
298 154 344 213 καί
355 157 407 214 τοῦ
419 152 548 232 ονρανοΰ
554 157 591 232 τῇ
608 155 661 231 μὲν
673 157 722 214 νῦν
736 181 753 213 ο
744 151 879 263 βορέης
896 177 930 214 τε
941 155 983 215 καί

187 241 204 302 6
215 241 321 351 χειμιδν
340 244 442 301 ἑστᾶσι
461 240 549 320 ταύτῃ
565 243 616 318 μὲν
631 246 682 301 τοῦ
699 240 782 301 νότου
785 239 834 350 ἦν
849 240 869 316 ἦ
885 241 983 306 στάσις

184 330 230 387 καὶ
242 332 292 404 τῆς
304 329 494 406 μεσαμβρίης,
506 354 542 406 τῃ
529 327 616 388 δὲ
599 353 615 388 ο
629 329 709 391 νότος
722 354 771 388 νυν
784 329 889 403 ἔστηκε
901 333 983 409 ταύτῃ

184 415 219 490 δὴ
231 414 247 475 6
259 417 372 493 βορέης,
388 420 412 475 εἰ
423 420 512 475 ταῦτα
524 415 597 476 οὕτω
610 416 676 495 εἶχε,
691 414 707 475 6
720 414 802 491 ἥλιος
815 414 853 475 ἂν
866 415 983 476 ἀπελαυ·

183 502 297 580 νόμενος
310 507 340 562 έκ
353 503 444 580 μέσου
456 507 507 562 τοῦ
523 503 643 583 ούρανοῦ
655 501 709 564 ύπδ
725 507 776 562 τοῦ
788 506 931 583 χειμῶνος
942 507 984 565 καὶ

181 595 233 650 τοῦ
244 592 338 668 βορέω
350 590 395 666 ἧῖε
406 588 441 651 ἂν
452 590 489 650 τά
504 589 561 652 ἀνω
575 595 626 668 τῆς
641 590 785 668 Εὐρώπης,
799 591 927 669 κατάπερ
939 597 984 654 νῦν

181 682 233 754 τῆς
245 678 356 755 Λιβύης
372 680 491 758 ἔρχεται·
512 678 647 750 διεξιόντα
665 678 688 738 δ’
708 677 743 739 ἅν
756 704 807 755 μιν
824 679 874 738 διά
893 680 984 757 πάσης

181 766 323 843 Εὐρύτης,
335 767 458 843 ἔλπομαι
470 767 576 827 ποιέειν
588 765 622 826 ἀν
634 765 808 843 τδνἼστρον
820 766 860 827 τά
873 794 927 846 περ
940 773 984 830 νῦν

134 854 172 915 27
182 853 324 935 ἐργάζεται
339 853 390 916 τάν
406 859 522 915 Νεῖλον.
563 859 619 931 Τῆς
632 853 716 931 αύρης
734 855 763 914 δὲ
778 856 854 931 πέρι,
875 854 920 915 ὅτι
939 856 984 917 ούκ

180 941 320 1016 ἀποπνέει,
334 941 417 1018 τήνδε
435 943 489 1021 ἔχω
505 941 628 1023 γνώμην,
642 942 677 1006 οἷς
693 942 781 1020 κάρτα
798 941 858 1002 ἀπδ
878 944 985 1021 θερμῶν

181 1031 291 1109 χωρέων
304 1030 354 1090 ούκ
367 1029 441 1094 οἰκός
455 1036 516 1091 ἔστι
530 1030 610 1090 οὐδὲν
623 1029 778 1091 ἀποπνέειν·
798 1028 873 1108 αύρη
886 1032 919 1092 δὲ
931 1033 984 1094 ἀτδ

181 1122 290 1198 ψυχροῦ
302 1144 377 1182 τινος
390 1120 483 1195 φιλέει
495 1119 597 1180 πνέειν.
1046 1169 1047 1222 η

133 1208 173 1266 28
222 1211 316 1268 Ταῦτα
341 1208 394 1285 μέν
419 1233 468 1268 νυν
487 1209 560 1267 ἔστω
580 1205 617 1270 οἷς
637 1208 697 1267 ἔστι
716 1232 749 1267 τε
768 1206 815 1264 καὶ
836 1205 875 1270 οἷς
896 1207 985 1287 ἀρχὴν
1047 1237 1048 1280 ι

182 1297 301 1376 ἐγένετο.
340 1300 391 1356 τοῦ
410 1295 440 1355 δὲ
455 1296 563 1355 Νείλου
577 1293 628 1360 τοίς
642 1293 734 1376 πηγάς
747 1294 810 1354 οὔτε
824 1299 986 1381 Αἰγυπτίων

182 1383 246 1443 οὔτε
258 1383 374 1460 Λιβύων
387 1383 449 1443 οὔτε
461 1382 606 1458 Ἑλλήνων
618 1385 674 1443 τῶν
690 1383 752 1459 ε’μοί
768 1380 949 1459 ἀπικομένων
961 1390 986 1449 ἔς

179 1469 282 1550 λόγους
294 1470 383 1533 ούδείς
395 1471 535 1550 ἀπέσχετο
549 1471 656 1540 εἰδέναι,
671 1473 695 1530 εἰ
707 1470 747 1547 μή
763 1475 792 1530 έν
805 1470 944 1552 Αἰγύπτῳ
957 1478 986 1532 ἐν

180 1557 234 1620 Σάῖ
251 1558 320 1616 πάλι
340 1557 356 1617 6
373 1558 589 1637 γραμματιστὴς
607 1561 662 1618 τῶν
681 1561 746 1634 ἱρῶν
761 1557 917 1637 χρημάτων
935 1565 985 1637 τῆς
1052 1578 1053 1607 ¹

178 1642 336 1720 Ἀθηναίης·
357 1643 438 1709 οὗτος
456 1645 480 1705 δ’
497 1647 562 1723 ε’μοί
574 1672 607 1726 γε
623 1647 730 1718 παίζειν
749 1645 843 1706 ε’δύκεε
856 1647 985 1724 φάμενος
1053 1646 1054 1672 ¹

179 1731 278 1791 εἰδέναι
291 1731 433 1810 ἀτρεκέως.
471 1735 551 1816 ἔλεγε
564 1735 594 1794 δὲ
608 1731 668 1795 ὦδε·
690 1733 781 1795 “dvm
810 1733 843 1795 ύο
857 1733 944 1814 οὔρεα
957 1742 984 1801 ἔς

176 1820 226 1890 ἀξδ
238 1820 288 1883 τοίς
301 1821 425 1898 κορυφὰς
438 1820 586 1903 ἀπιγμένα,
599 1822 703 1900 μεταξύ
713 1822 822 1900 Συήνης
834 1850 867 1883 τε
880 1825 984 1890 πόλιος

178 1912 289 1988 κείμενα
308 1913 359 1986 τῆς
379 1911 520 1988 Θηβαίδος
541 1912 587 1970 καὶ
604 1910 814 1988 Ἐλεφαντίνης·
836 1911 983 1990 οὐνόματα

178 1999 208 2060 δὲ
224 1998 294 2059 εἶναι
312 2003 390 2059 τοῖσι
410 1998 514 2076 οὔρεσι,
527 1997 567 2078 τῷ
585 2001 637 2076 μὲν
653 2004 756 2077 Κρῶφι
775 2003 813 2077 τῷ
834 2000 864 2059 δὲ
878 2006 982 2079 Μῶφι·

174 2088 224 2152 τοὶς
237 2087 275 2149 ὧν
292 2087 327 2164 δή
348 2088 440 2168 πηγάς
454 2091 505 2148 τοῦ
523 2090 641 2157 Νείλου,
658 2086 758 2151 ἰούσας
769 2086 936 2164 ἀβύσσους,
950 2096 981 2151 ἐκ

174 2181 225 2237 τοῦ
250 2177 340 2254 μέσου
366 2179 422 2235 τῶν
442 2173 543 2253 ούρέων
562 2174 666 2235 τούτων
685 2177 767 2251 ῥέειν·
802 2177 849 2235 καὶ
872 2175 907 2237 τά
925 2180 982 2254 μὲν

175 2263 264 2339 ἥμισυ
275 2266 325 2324 τοῦ
334 2263 433 2326 ὕδατος
443 2262 485 2320 ἐπ’
493 2262 638 2343 Αἰγύπτου
646 2264 718 2339 ῥέειν
731 2263 777 2322 καὶ
790 2263 862 2340 πρός
870 2266 981 2342 βορέην

175 2349 285 2426 ἀνεμον,
305 2350 339 2411 τά
360 2350 383 2409 δ’
404 2350 497 2425 ἕτερον
522 2350 621 2427 ἥμισυ,
643 2352 689 2411 ε’πί
710 2352 859 2429 Αἰθιοπίης
878 2379 911 2413 τε
931 2355 980 2413 καὶ

111 2461 116 2471 ’
175 2437 266 2497 νότου
286 2463 322 2500 ως
341 2437 371 2497 δὲ
391 2436 564 2511 ἀβυσσοί’
541 2466 597 2499 εισι
617 2443 647 2500 αἰ
665 2440 764 2522 πηγαὶ,
784 2444 813 2503 ἐς
833 2440 981 2519 διάπειραν

174 2524 230 2598 ἔφη
249 2525 349 2596 τούτου
356 2522 550 2633 Ψαμμίτιχον
570 2528 713 2609 Αἰγύπτου
732 2528 901 2638 βασιλέα’
882 2530 981 2589 απικέ·

480 2608 568 2673 αύτδν
581 2614 743 2695 χιλιάδων
727 2616 861 2721 οργυιέων
874 2617 979 2688 πλεξά-

212 2686 298 2734 μενον
316 2680 404 2749 κάλον
423 2724 458 2760 κα
496 2703 625 2781 ιταύπη,
650 2704 695 2763 καὶ
716 2702 765 2763 ούκ
786 2704 964 2774 ε’ξικέσθαι’
949 2731 981 2769 ες

233 2759 350 2823 wudu?
388 2782 458 2845 ουτω
478 2822 524 2869 με,
552 2787 599 2848 6
618 2791 841 2870 γραμματιστὴς,
865 2792 939 2872 (εἶ’
922 2818 980 2870 αρα

204 2844 290 2903 ταῦτα
302 2858 436 2935 >mma
429 2878 542 2994 {AY
582 2876 720 2950 έφαινε,“
700 2904 735 2940 ως
751 2879 799 2986 ἐμὲ
817 2881 981 2941 κατανοέειν

198 2920 273 2990 δίνας
290 2940 367 3005 τινάς
385 2956 506 3052 τοίη-,γ
491 2982 541 3037 (οὔ
589 2963 706 3040 ἰσχυράς
726 2964 772 3023 καί
791 2968 979 3043 παλιρροίην·

195 3006 240 3064 οἶα
265 3015 296 3075 δὲ
316 3028 430 3103 ε’μβιίλλ

191 3085 224 3143 δυ,
373 3040 510 3117 αλλοντος
535 3094 551 3126 ,γ
590 3048 689 3113 ὕδατος
713 3054 791 3110 τοῖσι
813 3050 913 3127 οὔρεσι
935 3060 981 3129 μη

173 3104 325 3211 ‚mesu
359 3141 420 3182 κατι

192 3191 270 3235 Q
302 3187 440 3269 mg
421 3135 561 3215 εμένην
581 3138 777 3212 απειρητηρίην
804 3142 831 3199 ἔς
855 3140 982 3211 βυσσὸν

379 3230 413 3264 ⁰v
424 3184 562 3300 δὲούδεμο
580 3220 659 3281 ουδὲν
674 3222 809 3295 ἐδυνάμην
821 3225 958 3287 πυθέσθα

452 3458 497 3465 Δ
