2150 3500
162 110 212 159 268
465 112 652 163 ἨΡΟΔΟΤΜ
905 109 969 175 [ΠΙ.

160 186 213 263 τήν
226 188 357 252 Μίλωνος
370 189 509 269 θυγατέρα
522 189 693 267 Δημοκήδης
703 190 837 271 γυναῖκα·
851 191 907 249 τοῦ
918 189 972 269 γάρ

160 273 195 349 δή
221 277 384 335 παλαιστέω
411 276 544 341 Μίλωνος
568 276 605 353 ἦν
626 276 731 353 οὕνομα
755 276 874 336 πολλόν
898 278 973 386 παρὰ

160 363 291 437 βασιλέϊ·
320 389 391 422 κατα
381 362 448 438 δή
470 364 556 424 τοῦτό
580 390 632 440 μοι
654 364 745 424 δοκέει
771 367 907 424 σπεῦσαι
925 366 972 425 τόν

161 448 254 561 γάμον
265 454 365 511 τοῦτον
377 452 497 515 τελέσας
513 450 655 561 χρήματα
661 451 776 532 μεγάλα
790 452 972 527 Δημοκήδης,

164 538 209 598 ἶνα
229 544 306 617 φανῇ
321 539 391 616 πρός
405 540 556 617 Δαρείου’
542 566 594 599 εων
610 540 657 599 καὶ
672 545 703 599 έν
718 543 756 618 τῇ
776 542 885 599 έωυτου
870 539 972 599 δόκι-

117 627 175 686 138
184 651 247 702 μσς.
287 625 468 733 Ἀναχθέντες
483 627 542 687 δὲ’
529 654 560 687 εκ
575 631 626 703 τῆς
642 625 838 702 Κρότωνος“
810 652 840 686 οι
860 627 974 704 Πέρσαι

164 714 330 775 ἐκπίπτουσι
341 719 410 793 τῇσι
423 716 507 790 νηυσὶ
520 720 549 777 ές
564 713 719 795 Ἰηπυγίην·
741 740 788 773 και
781 714 901 790 ’σφεας
914 715 973 775 δαυ-

163 800 295 864 λεόοντας
319 803 437 863 ἐνθαῦτα
457 803 564 866 Γίλλος
587 801 660 879 ἀνήρ
683 805 856 878 Ταραντῖνος
882 802 974 883 φυγάς

166 888 331 965 ῥυσάμενος,
352 889 482 970 α’τήγαγε
500 888 579 966 παρὰ
598 890 736 965 βασιλέα,
750 893 887 967 Δαρεῖον·
909 889 974 950 όδέ

164 974 226 1035 ἀντὶ
244 975 349 1036 τούτων
365 980 475 1054 ε’τοῖμος
490 976 525 1053 ἦν
543 976 649 1037 διδόναι
663 981 748 1038 τοῦτο
761 976 778 1037 6
789 1002 821 1036 τι
832 977 974 1053 βούλοιτο

165 1061 256 1127 αὐτός·
285 1065 392 1127 Γίλλος
409 1064 440 1123 δὲ
457 1065 579 1142 αἱρέεται
599 1064 718 1126 κάτοδόν
741 1066 769 1125 οἱ
789 1069 819 1129 ές
840 1064 974 1142 Τάραντα

163 1152 303 1231 γενέσθαι,
323 1152 598 1233 προαπηγησάμενος
616 1151 671 1227 τήν
688 1151 855 1229 συμφορήν·
879 1152 926 1213 ἵνα
943 1152 974 1212 δὲ

164 1238 205 1315 μή
226 1239 385 1319 συνταράξη
404 1240 458 1314 τήν
476 1239 613 1310 Ἑλλάδα,
635 1238 671 1315 ἢν
694 1238 729 1299 δι’
752 1239 840 1300 αὐτόν
865 1240 974 1304 στόλος

165 1328 254 1408 μέγας
266 1328 339 1406 πλέη
353 1328 399 1387 έπὶ
411 1328 464 1403 τήν
475 1326 610 1404 Ἰταλίην,
625 1326 755 1390 Κνιδίους
767 1328 893 1404 μούνους
904 1327 974 1388 άπο-

164 1420 238 1493 χρᾶν
256 1420 283 1475 οἱ
298 1418 353 1492 ἔφη
368 1414 433 1477 τοῦς
448 1414 621 1496 κατάγοντας
635 1416 774 1497 γίνεσθαι,
790 1415 898 1475 δοκέων
914 1411 973 1476 άπό

60 1538 67 1553 ·
165 1502 269 1563 τούτων
282 1503 381 1564 ε’όντων
392 1506 470 1563 τοῖσι
483 1504 680 1579 Ταραντίνοισι
690 1504 782 1578 φίλων
789 1501 924 1578 μάλιστα
936 1502 973 1579 δή

120 1664 122 1669 Ι
166 1589 217 1664 τήν
234 1589 351 1650 κάτοδόν
366 1593 393 1650 οἱ
409 1591 535 1651 ἔσεσθαι.
574 1595 694 1667 Δαρεῖος
714 1590 744 1651 δὲ
764 1589 975 1667 ὑποδεξάμενος

167 1679 302 1736 ἐπετέλεε·
322 1679 437 1757 πέμψας
455 1678 511 1760 γὰρ
527 1677 651 1761 ἄγγελον
669 1683 698 1742 ές
713 1678 819 1738 Κνῶον
839 1678 974 1760 κατάγειν

167 1765 258 1842 σφέας
279 1767 389 1826 ἐκέλευε
409 1768 517 1827 Γίλλον
538 1772 567 1832 ἐς
586 1768 725 1845 Τάραντα·
752 1767 920 1845 πειθόμενοι
940 1769 975 1828 δὲ

167 1854 275 1932 Δαρείῳ
288 1854 398 1914 Κνίδιοι
411 1855 596 1931 Ταραντίνους
609 1855 660 1915 οὐκ
673 1855 711 1916 ὧν
723 1856 843 1926 ἔπειθον,
857 1857 929 1932 βίην
941 1855 974 1916 δὲ

168 1940 297 2002 ἀδύνατοι
316 1941 392 2018 ἦσαν
414 1944 598 2020 προσφέρειν.
637 1947 726 2004 ταῦτα
750 1945 803 2019 μέν
829 1951 880 2003 νυν
900 1943 974 2005 οὕτω

167 2029 304 2110 ἐπρήχθη·
332 2028 410 2090 οὗτοι
430 2030 461 2090 δὲ
480 2035 587 2107 πρῶτοι
608 2035 639 2091 έκ
664 2036 715 2107 τῆς
739 2029 841 2106 Ἀσίης
867 2035 899 2094 ἒς
918 2031 974 2106 τὴν

165 2118 294 2180 Ἑλλάδα
314 2119 447 2179 άτίκοντο
468 2120 590 2194 Πέρσαι,
613 2119 660 2178 καὶ
685 2116 762 2179 οὗτοι
788 2119 836 2179 διὰ
860 2118 974 2180 τοιόνδε

169 2213 287 2289 πρῆγμα
306 2207 480 2268 κατάσκοποι
498 2207 636 2287 ε’γένοντο.

122 2297 178 2356 139
221 2296 303 2355 Μετιὶ
321 2296 462 2366 δὲταῦτα,
479 2294 577 2370 Σάμον
593 2294 734 2370 βασιλεῦς
751 2295 870 2370 Δαρεῖος
884 2294 973 2372 αἱρέει

167 2384 273 2443 πολίων
287 2384 401 2443 πασέων
420 2381 533 2460 πράτην
548 2381 721 2457 Ἑλληνῶων
737 2381 784 2441 καὶ
800 2381 973 2460 βαρβάρων,

167 2468 212 2528 διαὶ
225 2468 333 2544 τοιήνδε
346 2470 408 2529 τινὰ
420 2471 520 2544 αἰτίην·
537 2469 704 2546 Καμβύσεω
715 2473 765 2529 τοῦ
776 2468 873 2544 Κόρου
882 2495 973 2547 στρα-

166 2556 313 2631 τευομένου
340 2555 382 2614 ἐπ’
404 2557 556 2636 Αἴγυπτον,
578 2557 665 2617 ἄλλοι
684 2582 716 2618 τε
737 2557 840 2635 συχνοὶ
863 2561 893 2620 ές
917 2557 973 2632 τήν

166 2645 308 2724 Αἴγυπτον
325 2641 458 2704 άπίκοντο
475 2642 628 2720 Ἑλλήνων,
642 2647 669 2704 οἱ
687 2647 747 2721 μὲν,
761 2644 797 2708 ὥς
810 2643 895 2714 οἶκός,
909 2651 972 2704 κατ’

168 2732 310 2810 ἐμπορίην,
325 2734 352 2792 οἱ
368 2731 398 2790 δὲ
416 2731 641 2809 στρατευόμενοι,
655 2735 683 2792 οἱ
695 2732 727 2792 δέ
737 2757 810 2794 τινες
822 2731 870 2790 καὶ
882 2731 972 2808 αὐτῆς

166 2825 217 2894 τῆς
236 2819 328 2897 χώρης
348 2819 452 2894 θεηταὶ,
472 2823 528 2879 τῶν
545 2818 582 2894 ἦν
600 2819 647 2878 καὶ
666 2817 832 2883 Συλοσῶνό
851 2819 971 2884 Αἰάκεος

166 2905 363 2983 Πολυκράτεός
374 2931 406 2965 τε
418 2905 470 2964 εἰδν
479 2905 618 2978 α’δελφεδς
630 2907 677 2964 καὶ
689 2905 802 2987 φεύγων
814 2911 846 2964 έκ
859 2906 970 2982 Σάμου.

164 2995 264 3049 τοῦτον
275 2991 325 3050 τόν
339 2992 511 3052 Συλοσῶντα
524 2991 668 3066 κατέλαβε
682 2991 795 3070 εὐτυχίη
807 3017 851 3054 τις
862 2993 970 3068 τοιήδε·

164 3075 264 3146 λαβων
275 3076 396 3152 χλανίδα
415 3101 461 3133 και
450 3076 705 3151 περιβαλόμενος
722 3104 832 3155 πυρρην
844 3077 971 3159 ἠγόραζε

166 3161 196 3213 ἐν
212 3162 248 3233 τῇ
266 3160 378 3232 Μέμφι·
400 3161 463 3220 ίδων
476 3159 560 3218 δὲ’
524 3161 610 3220 αυτόν
622 3168 751 3240 Δαρεῖος,
764 3166 936 3243 δορυφόρος
936 3191 971 3228 τε

162 3239 214 3295 ε’ων
229 3243 395 3314 Καμβυσεω
411 3270 457 3302 και
446 3244 562 3322 λόγου
574 3245 686 3312 ουδενός
698 3276 738 3309 κω
749 3252 920 3327 μεγάλου,
905 3278 969 3314 m-
