2150 3500
83 143 229 210 ιιι-ιιι]
414 143 578 194 mma.
839 141 887 192 ιιι

81 223 133 283 καὶ
150 222 247 287 Πονάς
263 246 299 304 γε
315 222 381 300 πέρι
395 221 447 282 οὐκ
463 222 561 301 ἔχουσι
580 223 666 282 εἰπεῖν
684 220 737 296 ὅκη
755 218 891 298 ἐτράπετο

81 309 241 390 γενόμενος.
283 304 358 385 δῆλά
372 332 422 386 μοι
438 308 476 370 ὧν
495 310 602 390 γέγονε,
624 308 669 368 ὅτι
687 307 807 385 ὕστερον
825 307 889 368 ἐπιί-

83 393 175 458 θοντο1
189 400 217 457 οἱ
236 396 376 473 Ἕλληνες
395 395 499 457 τούτων
517 395 555 456 τά
578 393 719 473 οὐνόματα
739 393 758 470 ἦ
778 393 815 455 τά
834 398 891 456 τῶν

82 483 181 546 ἄλλων
194 485 273 556 θεῶν,
287 484 335 544 ἀπ’
349 482 382 544 οὗ
396 485 427 544 δὲ
443 483 578 545 ἐπίθοντο
596 482 699 564 χρόνου
712 481 769 543 άπδ
787 481 888 546 τούτου

82 573 303 654 γενεηλογέουσι
315 571 407 633 οὖτῶν
418 570 471 649 τὴν
483 573 604 654 γένεσιν.
643 631 645 636 .

124 665 221 720 Ταῦτα
233 661 286 736 μέν
301 685 350 721 νυν
363 658 443 720 αὐτοὶ
456 658 605 742 Αίγιίπτιοι
620 658 749 740 λέγουσι·
770 657 826 718 ὅσα
839 657 868 719 δὲ
878 658 935 720 147

83 748 116 808 οί
124 773 157 808 τε
169 746 257 808 ἄλλοι
272 747 413 825 ἅνθρωποι
429 748 476 807 καὶ
491 747 639 828 Αἰγύπτιοι
655 746 773 827 λέγουσι
786 745 888 822 ὁμολο-

81 836 285 916 γέοντες·τοῖσι
297 834 417 895 ἄλλοισι
435 833 506 895 κατά
524 833 627 910 ταύτην
639 833 692 909 τήν
709 832 803 912 χώρην
814 832 888 913 γενέ·

82 924 163 993 σθαι,
183 922 260 984 τοῦτ’
280 922 335 1000 ἤδη
356 921 468 1001 φράσω·
501 923 661 1000 προσέσται
680 920 759 981 δέτι
778 919 890 981 αὐτοῖσι

82 1011 132 1069 καὶ
144 1014 197 1086 τῆς
210 1014 279 1088 έμῆς
292 1009 380 1088 ὄψιος.

124 1097 374 1175 Ἐλευθερωθέντες
401 1097 551 1181 Αἶγίππιοι
578 1095 651 1174 μετά
675 1094 726 1157 τάν
753 1095 825 1172 ίρέοΥ
838 1097 890 1156 τοΰ

80 1185 249 1261 Ἡφαίστου
262 1185 486 1263 βασιλεύσαντα,
495 1184 607 1267 (οὖδένο
615 1183 670 1266 γάρ
683 1183 785 1262 χρόνον
795 1183 889 1243 οἷοίτε

81 1272 161 1348 ἦσαν
173 1272 239 1334 ἄνευ
251 1275 391 1350 βασιλέος
404 1271 587 1385 διριτᾶσθαι,)
597 1270 754 1346 ἐστήσαντο
768 1269 888 1329 δυώδεκα

81 1362 236 1438 βασιλέος,
250 1361 372 1422 δυόδεκα
386 1362 487 1439 μοίρας
507 1358 661 1437 δασάμενοι
677 1358 821 1438 Αἴγυπτον
835 1355 889 1416 πᾶ

82 1473 151 1508 σαν.
171 1474 249 1509 ουτοι
257 1451 600 1531 επιγομιαςτοιησαμενοι
608 1443 827 1524 εβοσιλευον,
795 1468 887 1521 νομοι-

82 1562 118 1598 σι
126 1536 235 1597 τοισίδε
243 1537 404 1616 χρεώμενοι,
411 1536 485 1615 μήτε
498 1534 651 1612 καταιρέειν
661 1531 806 1610 άλλήλους
816 1530 888 1608 μήτε

81 1625 175 1685 πλέον
183 1647 212 1684 τι
222 1624 352 1702 δίζησθαι
362 1623 477 1705 ἔχειν
445 1649 494 1685 τον
504 1648 598 1701 ετερον
607 1625 658 1682 τοῦ
671 1620 764 1698 ἑτέρου
775 1619 846 1681 εἶναί
856 1645 888 1678 τε

82 1713 189 1791 φίλους
197 1711 234 1773 τά
243 1712 381 1790 μάλιστα·
393 1711 479 1773 τῶνδε
492 1711 523 1772 δὲ
535 1710 626 1772 εἵνεκα
638 1708 703 1774 τούς
713 1707 813 1787 νόμους
825 1706 887 1770 τοί·

80 1824 150 1864 τους
157 1802 298 1861 ἐποιεῦντο
307 1803 428 1879 ἰσχυρῶς
434 1801 677 1878 περιστέλλοντες·
691 1796 824 1877 ἔκέχρητό
832 1801 889 1873 σφι

83 1886 146 1948 κατ’
161 1886 251 1967 άρχοὶς
267 1886 366 1948 αὐτίκα
386 1887 614 1997 ε’νιστρμένοισι
613 1892 641 1950 ἐς
656 1886 708 1951 τάς
726 1885 888 1963 τυραννίδας

83 1974 158 2035 ατδν
170 1975 279 2055 χαλκέη
295 1974 400 2055 φιάλῃ
401 1976 561 2035 σπείσαντα
579 1972 669 2034 αὐτῶν
685 1978 715 2034 έν
726 1977 765 2051 τῷ
778 1976 826 2051 ιρῷ
837 1975 888 2031 τοῦ

80 2062 257 2140 Ἡφαίστου,
269 2067 370 2123 τοῦτον
389 2061 503 2139 άπάσης
519 2058 707 2139 βασιλεύσειν
720 2032 888 2140 Αίγίπτουθ

83 2156 114 2215 ές
125 2150 183 2260 γάρ
197 2149 281 2228 δή
244 2176 281 2212 το
293 2133 385 2231 ποντα
398 2153 444 2229 ἶρα
435 2148 652 2230 συνελέγοντο.
690 2147 749 2206 Καὶ
765 2145 800 2221 δή
813 2150 869 2222 σφι
878 2147 936 2207 148

82 2238 254 2317 μνημόσυνα
276 2239 353 2309 ἔδοξε
370 2237 516 2298 λιπέσθαι
539 2238 627 2314 κοινῇ·
662 2232 747 2303 δόξαν
768 2233 799 2293 δέ
821 2238 886 2310 σφι,

84 2325 258 2403 ἐποιήσαντο
270 2326 445 2404 λαβύρινθον
458 2324 557 2407 ὀλίγον
572 2321 642 2399 ὑπὲρ
660 2326 711 2399 τῆς
724 2322 824 2399 λίμνης
838 2325 889 2397 τῆς

84 2416 206 2491 Μοίριος
219 2408 290 2474 κατά
309 2409 505 2492 Κροκοδείλων
525 2410 698 2487 καλεομένην
709 2409 796 2471 πόλιν
806 2409 889 2487 μάλι-

84 2502 144 2562 στά
162 2527 197 2579 κη
218 2501 353 2580 κείμενον·
373 2499 423 2562 τδν
440 2500 495 2583 ἔγω
508 2498 562 2577 ἤδη
581 2499 640 2560 ίδον
656 2498 746 2581 λόγου
762 2499 845 2576 μέζω·
866 2500 891 2559 εἰ

83 2589 142 2671 γάρ
154 2615 197 2653 τις
210 2590 245 2651 τά
258 2590 290 2661 ἐξ
301 2589 447 2666 Ἑλλήνων
455 2588 550 2669 τείχεά
559 2612 591 2647 τε
604 2588 650 2647 καὶ
664 2588 750 2669 ἔργων
760 2586 905 2657 ἀπόδεξιν.

85 2678 304 2760 συλλογίσαιτο,
323 2676 482 2741 ἐλάσσονος
498 2676 588 2737 πόνου
601 2700 634 2737 τε
652 2674 686 2736 ἂν
703 2675 750 2735 καὶ
768 2673 891 2750 δαπάνης

85 2766 190 2842 φανείη
204 2765 285 2827 ἐόντα
297 2770 348 2826 τοῦ
361 2766 535 2843 λαβυρίνθου
548 2762 658 2824 τούτου·
680 2762 741 2843 (καί
757 2788 802 2823 τοι
817 2761 891 2831 άξιά-

84 2852 175 2934 λογός
185 2879 220 2934 γε
233 2853 279 2913 καὶ
293 2852 309 2914 ὁ
323 2859 352 2914 ἓν
363 2852 479 2933 Ἐφέσῳ
492 2852 554 2913 ε’στὶ
567 2848 640 2926 νηδς,
655 2850 701 2908 καὶ
714 2848 731 2909 ὅ
745 2854 774 2909 ἐν
784 2846 890 2928 Σάμῳ)

84 2940 163 3019 ἦσαν
181 2943 235 3019 μέν
251 2967 301 3003 νυν
319 2941 366 3001 καὶ
384 2943 413 3001 αἱ
427 2940 579 3018 πυραμίδες
596 2936 686 3019 λόγου
703 2935 824 3014 μέζονες,
846 2936 893 2994 καὶ

85 3032 206 3090 πολλῶν
219 3029 324 3188 ἑκάστη
338 3028 441 3089 αὐτέων
456 3028 630 3103 Ἑλληνικῶν
648 3024 734 3104 ἔργων
747 3024 794 3082 καὶ
806 3021 891 3102 μεγαί-

86 3116 178 3176 λων’
160 3142 229 3177 αντο
231 3118 285 3194 ξίη·
307 3144 323 3178 ο
315 3117 368 3177 δὲ
380 3116 415 3225 δη
427 3114 601 3191 λαβυρινθος
613 3110 722 3174 καὶτὰς
734 3109 891 3187 πυραμίδας

86 3203 276 3282 ὕπερβάλλει.
312 3207 363 3265 τοῦ
372 3203 427 3285 γάρ
441 3200 612 3262 δυάδεκα’
575 3224 627 3277 μεν
640 3201 696 3259 είσι
709 3196 794 3257 αυλαὶ
807 3194 890 3257 κατά·

87 3314 190 3372 στεγοι
206 3290 354 3352 ἀντίπυλοι
371 3288 528 3368 ἀλλήλῃσι,
542 3288 627 3357 εξ
592 3311 645 3363 μεν
657 3285 728 3363 πρδς
747 3284 848 3364 βορέω,
862 3282 895 3354 ἓξ
