2150 3500
157 61 192 106 ιο
464 59 647 110 Ἢνοιουου
925 61 961 126 [L

161 136 192 196 δὲ
203 143 254 198 τοῦ
267 143 336 214 νηοῦ
347 138 446 217 βωμός
457 144 520 200 ἐστι
531 137 661 219 χρύσεος.
695 139 757 200 ἔστι
769 137 800 200 δὲ
812 139 860 200 καὶ
873 138 966 206 ἄλλος

158 224 257 302 βωμάς
272 225 369 306 μέγας,
388 225 460 286 ὅπου
476 226 571 287 θύεται
587 225 623 286 τά
635 225 720 286 τέλεα
731 229 787 286 τῶν
799 226 966 304 προβάτων.

160 313 207 373 ἐπὶ
222 312 278 393 γάρ
294 319 345 373 τοῦ
361 314 483 393 χρυσέου
494 316 595 391 βωμοῦ
609 313 658 397 ούκ
672 314 763 384 ἔξεστι
776 314 851 375 θύειν
865 315 910 376 ὅτι
922 316 966 394 μὴ

159 399 305 480 γαλαθηνὰ
323 406 422 478 μοῦνα·
443 402 489 482 ἐπὶ
506 401 535 461 δὲ
548 405 598 460 τοῦ
611 401 726 478 μέζονος
738 402 839 480 βωμοῦ
853 403 902 462 καὶ
915 429 966 464 κα-

157 488 304 568 ταγίζουσι
322 490 482 565 λιβανωτοῦ
501 489 583 568 χίλια
602 489 728 549 τάλαντα
748 490 822 553 ἔτεος
842 489 967 552 ἑκάστου

519 575 759 598 ἱὶὲὶϊ

158 578 186 634 οἱ
207 576 356 647 Χαλδαῖοι,
375 576 440 638 τότε
460 581 544 637 ε’πεαν
563 603 616 653 την
635 602 721 654 ορτην
741 603 832 659 αγωσι
850 582 891 658 τῷ
910 580 967 659 θεῷ

148 663 255 743 τούτῳ.
295 663 331 740 ἦν
351 665 380 724 δὲ
401 668 488 744 ἐν’τῷ
504 665 612 741 τεμένεϊ
628 662 716 742 τούτῳ
736 665 776 724 ἔτι
792 664 843 726 τάν
859 664 966 745 χρόνον

69 1413 146 1518 '18

157 754 260 811 ἐκεῖνον
279 752 326 810 καὶ
346 751 457 827 ἀνδριάς
477 752 598 812 δυώδεκα
617 752 735 831 πηχέων,
752 751 882 832 χρύσεος,
898 780 965 814 στε·

155 837 227 914 ρεύς.
262 837 315 920 ε’γά
335 839 388 916 μέν
408 865 457 916 μιν
480 839 531 898 ούκ
554 839 635 899 εἶδον·
662 840 698 898 τά
720 839 751 898 δὲ
771 840 886 922 λέγεται
905 841 964 902 ύπά

156 926 313 996 Χαλδαίων,
326 930 414 986 ταῦτα
426 926 511 1007 λέγω.
541 926 629 1006 τούτῳ
641 931 679 1006 τῷ
692 925 832 1004 ἀνδριάντι
842 933 964 1006 Δαρεῖος

155 1014 207 1088 μὲν
226 1012 243 1073 ἀ
261 1013 440 1078 Ὑστάσπεος
460 1013 677 1091 ἐπιβουλεύσας,
691 1013 741 1074 ούκ
754 1013 897 1092 ἐτόλμησε
910 1021 962 1076 λα-

155 1109 229 1184 βεῖν·
270 1108 377 1187 Ξέρξης
400 1109 430 1168 δὲ
453 1108 470 1170 ἀ
492 1110 612 1187 Δαρείου
636 1110 734 1186 ἔλαβε,
759 1109 804 1168 καὶ
824 1109 876 1171 τάν
900 1113 962 1188 ἱρέα

155 1193 297 1258 ἀπέκτεινε
317 1196 527 1279 ἀπαγορεύοντα
548 1196 590 1274 μή
611 1197 709 1258 κινέειν
728 1195 779 1258 τάν
799 1195 960 1275 ἀνδριάντα.

154 1282 188 1343 τδ
206 1286 259 1361 μὲν
278 1285 313 1361 δή
334 1286 395 1362 ἶρὸν
413 1289 498 1345 τοῦτο
514 1283 585 1346 οὕτω
605 1283 772 1362 κεκόσμητο,
789 1285 895 1346 ἔστιδὲ
913 1287 961 1347 καὶ

132 1371 138 1382 “
155 1371 212 1430 ’ίδια
224 1371 390 1449 ἀναθήματα
402 1371 509 1433 πολλά.
731 1427 732 1430 ,

149 1462 167 1517 4
194 1464 252 1534 Τῆς
264 1459 293 1519 δέ
307 1461 479 1536 Βαβυλῶνος
490 1457 593 1536 ταύτης
605 1459 711 1520 πολλοὶ
724 1459 776 1536 μέν
785 1485 834 1522 κου
848 1461 895 1520 καὶ
908 1460 959 1522 ἀλ·

155 1550 203 1606 λοι
218 1547 345 1627 ἐγένοντο
359 1547 504 1623 βασιλέες,
517 1550 573 1608 τῶν
587 1553 616 1608 ἐν
628 1552 705 1608 τοῖσι
717 1547 899 1624 Ἀσσυρίοισι
909 1549 959 1610 λό-

595 1633 839 1658 §list

153 1659 232 1716 γοισι
238 1634 351 1711 μνήμην
362 1633 526 1712 ποιήσομαι,
535 1634 563 1694 οἳ
570 1661 605 1696 τοι
613 1659 707 1714 τειχεα
717 1659 747 1694 τε
758 1660 959 1712 επεκοσμησαν

191 1721 337 1746 &wlff

156 1748 202 1782 και
211 1749 247 1783 τα
255 1749 310 1801 ιρα·
323 1721 390 1783 ενδὲ
403 1721 437 1799 δή
451 1721 497 1782 καὶ
504 1725 631 1803 γυναῖκες
638 1721 697 1783 δύο.
724 1721 743 1799 ἡ
756 1723 808 1800 μὲν
819 1721 959 1801 πρότερον

153 1809 264 1887 ἄρξασα
270 1814 320 1887 τῆς
328 1808 444 1888 ὕστερον
450 1815 565 1893 γενεῇσι
574 1810 656 1871 πέντε
666 1809 801 1887 πρότερον
811 1811 956 1892 γενομένη,
1025 1872 1032 1881 ,
1051 1833 1052 1892 ζ

153 1902 190 1975 τῇ
203 1896 308 1976 οὕνομα
316 1898 352 1974 ἦν
362 1898 522 1977 Σεμίραμις,
533 1898 603 1975 αὕτη
612 1900 664 1975 μὲν
675 1898 827 1968 ἀπεδέξατο
837 1898 958 1978 χιύματα

156 1984 208 2045 ἀνά
220 1985 254 2047 τά
268 1986 365 2046 πεδίον
377 1986 459 2047 ε’ἀντα
472 1986 630 2062 ἀξιοθέητα·
651 1985 787 2063 πρότερον
801 1986 832 2047 δὲ
844 1985 957 2048 εὀίθεεά

109 2075 165 2133 185
174 2074 299 2151 ποταμδς
318 2073 372 2134 ἀνά
390 2073 424 2134 τά
444 2074 539 2134 πεδίον
552 2078 608 2133 πᾶν
623 2074 792 2155 πελαγίζειν.
826 2072 863 2133 Ἦ
878 2074 909 2133 δὲ
922 2073 957 2151 δὴ

153 2161 280 2241 δεύτερον
297 2165 432 2245 γενομένη
450 2160 554 2237 ταύτης
573 2162 719 2238 βασίλεια,
739 2166 775 2240 τῇ
796 2159 901 2239 οὕνομα
921 2160 957 2238 ἦν

153 2252 297 2329 Νίτωκρις,
306 2250 387 2331 (αὕτη
398 2250 428 2309 δὲ
438 2250 608 2327 συνετωτέρη
618 2248 751 2331 γενομένη
761 2252 810 2325 τῆς
820 2248 957 2327 πρότερον

154 2338 299 2419 ἀρξάσης)
328 2342 412 2397 τοῦτο
439 2339 490 2414 μὲν
516 2335 686 2415 μνημόσυνα
708 2337 819 2396 ἐλίπετο
842 2336 879 2395 τά
901 2337 957 2418 ἔγῶ

154 2425 348 2506 ἀπηγήσομαι·
373 2428 458 2485 τοῦτο
486 2424 516 2484 δὲ
538 2424 591 2501 την
614 2422 720 2500 Μήδων
744 2422 841 2502 ὁρῶσα
863 2423 955 2504 ἀρχὴν

153 2513 281 2594 μεγάλην
297 2537 329 2571 τε
347 2512 393 2571 καὶ
410 2511 461 2571 οὐκ
479 2510 691 2589 ἀτρεμίζουσαν,
705 2509 783 2571 ἄλλα
795 2536 827 2571 τε
842 2510 956 2591 ἀραιρη-

152 2602 224 2679 μένα
237 2598 327 2660 ἀστεα
338 2599 450 2660 ούτοῖσι
462 2604 492 2661 ἐν
504 2600 535 2659 δὲ
548 2598 582 2675 διρ
598 2600 644 2659 καὶ
655 2598 708 2675 τήν
723 2602 819 2669 Νῖνον,
833 2606 956 2677 προεφυ-

153 2688 260 2759 λάξατο
279 2686 336 2748 ὅσα
356 2686 470 2749 ἐδύνατο
489 2686 626 2765 μάλιστα,
645 2690 743 2764 πρῶτα
761 2688 814 2763 μὲν
830 2686 881 2748 τάν
900 2686 956 2747 Εὐ-

153 2775 264 2855 φρήτην
283 2774 410 2853 ποταμάν
429 2776 528 2853 ῥέοντα
547 2774 683 2853 πρότερον
704 2773 772 2845 ἰθύν,
788 2772 819 2838 ὅς
834 2781 892 2851 σφι
908 2774 955 2835 διά

152 2870 203 2942 τῆς
219 2864 319 2928 πόλιος
336 2865 426 2942 μέσης
438 2864 502 2940 ῥέει,
516 2866 616 2923 τοῦτον
629 2861 732 2922 ἀνωθεν
745 2861 880 2942 διώρυχας
892 2862 955 2942 ἀρύ-

153 2954 229 3023 ξασα
249 2952 319 3012 οὕτω
337 2950 371 3028 δή
384 2976 412 3010 τι
430 2950 546 3026 ε’ποίησε
567 2948 695 3020 σκολιδν,
708 2948 781 3009 ὥστε
800 2950 834 3026 δὴ
848 2950 907 3027 τρὶς
927 2956 954 3015 ές

151 3045 207 3101 τῶν
226 3039 287 3100 τινά
310 3039 420 3115 κωμέων
442 3041 497 3096 τῶν
519 3040 549 3095 έν
569 3040 605 3113 τῇ
628 3035 768 3116 Ἀσσυρίῃ
794 3036 954 3098 ἀπικνέεται

152 3129 230 3206 ῥέων·
250 3128 328 3206 τῇδὲ
341 3124 419 3203 κύμη
435 3121 541 3201 οὔνομά
558 3126 619 3181 ε’στι
640 3128 667 3185 ές
686 3122 739 3198 την
759 3123 917 3184 ἀπικνέεται
936 3124 953 3184 ἀ

142 3214 303 3291 Ἐὐφρήτης
313 3211 484 3290 Ἀρδέρικκα·
505 3208 552 3267 καὶ
565 3211 613 3268 νῦν
627 3207 654 3267 οἳ
669 3206 703 3269 ἂν
716 3210 880 3285 κομίζωνται
895 3210 952 3273 ἀπά
971 3254 975 3261 -
1051 3239 1052 3252 ·
