2150 3500
109 107 255 174 ιιι-ιιι]
459 111 577 164 mm.
884 119 917 166 οι

108 193 203 249 ταῦτα
223 191 389 268 προσιόντες
411 193 652 270 συμβουλεύουσι,
673 194 720 254 καὶ
734 195 918 272 παραινέουσι

109 274 194 336 ἄσσα
207 277 290 342 αῦτός
301 278 424 355 ποιήσας
436 280 555 363 ἐξέφυγε
568 281 668 358 ὁμοίην
680 287 784 343 νοῦσον
796 280 815 358 ἢ
827 281 918 344 ἀλλον

111 363 171 424 εἶδε
183 366 350 448 ἐκφυγόντα·
371 371 442 478 σιγῇ
458 368 489 428 δέ
507 369 689 446 παρεξελθεῖν
707 369 758 431 τόν
778 369 917 446 κάμνοντα

112 478 147 512 ου
134 451 216 528 Ι’σφι
230 455 329 524 ἔξεστι,
343 455 410 532 πρὶν
422 453 457 516 ἂν
469 457 611 534 ἐπείρηται
623 455 721 532 ἥντινα
733 461 835 518 νοῦσον
848 459 914 538 ἔχει.

111 542 210 617 Ταφαὶ
230 541 262 601 δέ
281 547 369 618 σφι’
356 567 386 603 εν
402 544 506 651 μέλιτι.
535 545 633 622 θρῆνοι
652 545 681 604 δέ
700 544 963 623 παραπλήσιοι198

111 653 190 688 τοισι
211 633 241 689 ἐν
261 628 403 712 Αἰγύπτῳ.
432 629 532 696 ὄσακις
553 630 617 691 δ’*
600 658 635 692 αν
653 633 744 712 μιχθῇ
759 634 916 715 γυναικὶτῇ

112 719 215 777 εωυτοῦ
227 716 297 795 ἀνῇρ
311 720 503 795 Βαβυλιῦνιος,
516 745 581 797 περι
571 721 720 798 θυμίημα
736 720 915 802 καταγιζόμε-

110 829 161 864 νον
171 805 230 876 ἵζει·
245 806 356 884 ἐτέρωθι
364 805 422 883 δέῇ
430 807 501 888 γονῇ
511 806 599 869 τώυτό
609 812 692 868 τοῦτο
702 809 799 869 ποιέει·
814 807 916 887 ὄρθρου

110 891 144 952 δὲ
166 894 316 974 γενομένου
337 897 453 957 λοῦνται
476 896 523 954 καὶ
546 895 710 974 ἀμφότεροι·
740 895 840 979 ἄγγεος
857 896 914 978 γάρ

110 979 254 1046 οὐδενός
235 990 354 1060 αψονται
367 981 434 1090 πρὶν
446 1009 481 1044 αν
493 982 661 1044 λούσωνται.
684 982 772 1045 ταύτὰ
785 985 815 1046 δὲ
828 989 915 1045 ταῦτα

110 1094 160 1128 και
149 1068 304 1147 Ἀράβιοι
315 1074 437 1130 ποιεῦσι.

149 1155 187 1220 ·”,0
201 1157 232 1216 δέ
253 1157 335 1233 δὴ
304 1183 454 1237 αισχιστος
465 1161 521 1219 τῦν
532 1145 637 1271 νόμων
639 1159 700 1220 ἔστι
712 1163 789 1220 τοῖσι
802 1162 960 1238 Βαβυ-199

108 1245 240 1304 λωνίοισι
252 1244 308 1306 ὅδε·
329 1246 424 1305 δεῖ
382 1271 480 1306 πασαν
492 1251 611 1327 γυναῖκα
624 1248 773 1326 ἐπιχωρίην
786 1248 914 1324 ιζομένην

109 1335 141 1394 ἐς
153 1331 214 1409 ἷρῦν
225 1331 403 1410 Ἀφροδίτης,
417 1332 495 1404 ἅπαξ
515 1337 545 1394 ἐν
556 1339 593 1413 τῇ
614 1333 664 1412 ζόη
681 1335 817 1413 μιχθῆναι
835 1335 913 1413 ἀνδρὶ

109 1419 199 1499 ξείνῳ.
239 1421 347 1480 πολλαὶ
361 1420 450 1481 δὲκαὶ
463 1421 514 1481 οῦκ
527 1420 685 1500 ἀξιεύμεναι
705 1420 913 1503 ἀναμίσγεσθαι

107 1509 179 1586 τῇσι
189 1506 299 1587 ἄλλῃσι
307 1507 352 1569 οἶα
361 1508 475 1589 πλούτῳ
482 1509 732 1587 ῦπερφρονέουσαι,
742 1510 788 1569 ἐπὶ
798 1511 913 1592 ζευγέων

107 1599 141 1655 ἐν
157 1594 299 1676 καμάρῃσι
316 1595 459 1657 ἐλάσασαι
479 1597 551 1676 πρός
570 1598 604 1660 τό
621 1597 681 1676 ίρδν
698 1601 810 1658 ἑστᾶσι·
834 1599 913 1676 θερα·

107 1683 180 1761 πηΐη
193 1684 226 1744 δέ
237 1690 293 1760 σφι
306 1682 425 1746 ὄπισθεν
446 1686 541 1746 ἕπεται
553 1686 659 1765 πολλή.
701 1687 730 1746 αἱ
750 1686 781 1746 δὲ
795 1691 913 1753 πλεῦνες

107 1776 224 1838 ποιεῦσι
236 1770 298 1833 ὦδε·
319 1777 349 1834 ἐν
360 1775 468 1851 τεμένεϊ
482 1774 652 1853 Ἀφροδίτης
664 1776 794 1837 κατέαται
806 1777 912 1853 στέφα·
971 1798 974 1802 ’

107 1886 158 1921 νον
169 1862 235 1939 περὶ
247 1864 316 1941 τῇσι
333 1865 478 1942 κεφαλῇσι
498 1863 614 1942 ἔχουσαι
635 1863 783 1945 θώμιγγος,
803 1864 912 1925 πολλοὶ

106 1954 245 2031 γυναῖκες·
265 1952 294 2010 αἶ
303 1952 356 2027 μέν
364 1950 419 2032 γάρ
428 1953 642 2032 προσέρχονται,
653 1955 682 2012 αἶ
695 1952 725 2011 δέ
734 1951 912 2031 ἀπέρχονται·

107 2038 298 2117 σχοινοτενέες
310 2039 341 2099 δέ
358 2039 476 2152 διέξοδρι
495 2040 587 2117 πάντ-η
606 2039 711 2119 τρόπον
731 2038 802 2099 ὁδῶν
815 2041 912 2119 έχουσι

108 2125 206 2186 δαὶ
166 2153 223 2188 των
233 2131 378 2208 γυναικῶν,
392 2125 460 2187 διὀ
440 2154 478 2188 ων
490 2154 517 2187 οι
507 2128 615 2197 ’ξεῖνοι
627 2125 772 2197 διεξιόντες
784 2128 912 2205 ἐκλέγον-

106 2239 164 2275 ται.
195 2216 261 2275 ἔνθα
274 2213 358 2275 ἐπεοὶν
370 2214 461 2293 ἵζηται
473 2214 553 2326 χυνῇ,
567 2214 600 2275 οῦ
612 2214 749 2325 πρότερον
761 2212 911 2275 ἀπαλλάσ-

107 2326 190 2362 σεται
202 2308 232 2367 ἐς
243 2329 280 2364 τα
293 2301 398 2380 οἷκίαῇ
416 2303 459 2367 τίς
472 2330 499 2364 οι
489 2302 644 2373 ξείνων’
626 2302 758 2385 αργύριον
776 2301 911 2381 ἐμβαλων

106 2394 137 2455 ἒς
155 2390 193 2451 τοὶ
212 2390 335 2472 γούνατα
354 2391 445 2471 μιχθῇ
464 2391 514 2461 ἐξω
533 2394 585 2451 τοῦ
606 2393 676 2469 ἶροῦ·
697 2391 861 2470 ἐμβαλόντα
880 2392 911 2452 δὲ

106 2478 150 2537 δεῖ
157 2482 243 2538 εἰπεῖν
250 2478 377 2540 τοσόνδε·
394 2489 412 2515 “
421 2478 557 2538 ἐπικαλέω
569 2504 614 2540 τοι
621 2479 673 2557 τῇν
681 2480 746 2542 θεόν
753 2479 910 2542 Μύλιττα·”

106 2566 240 2627 Μύλιττα
252 2567 283 2627 δὲ
296 2567 431 2627 καλέουσι
446 2567 500 2643 τήν
514 2566 686 2646 Ἀφροδίτην
694 2567 854 2648 Ἀσσύριοι·
875 2569 908 2631 τῦ

106 2654 137 2713 δέ
149 2653 282 2737 ἀργύριον
294 2654 417 2737 μέγαθός
430 2659 492 2716 ἐστι
504 2654 576 2717 ὅσον
589 2654 636 2718 ὧν·
657 2655 690 2717 οῦ
709 2658 764 2739 γοὶρ
777 2657 817 2735 μή
836 2655 909 2717 ἀπού-

22 2780 25 2784 ’
105 2768 202 2819 σηται·
222 2741 256 2803 οῦ
268 2742 323 2824 γάρ
337 2744 364 2802 οἱ
377 2742 456 2819 θέμις
468 2744 540 2804 ἐστί·
559 2745 666 2825 γίνεται
684 2745 739 2826 γὰρ
754 2745 813 2824 ἱρδν
825 2748 909 2805 τοῦτο

104 2829 139 2891 τό
155 2828 296 2912 ἀργύριον·
324 2834 364 2910 τῷ
383 2830 415 2890 δὲ
432 2830 533 2911 πρώτῳ
553 2831 709 2909 ἐμβαλόντι
730 2833 831 2902 ἕπεται,
846 2831 909 2892 οὐδὲ

104 2916 265 2998 ἀποδοκιμᾷ
284 2916 390 2978 οῦδένα·
416 2918 500 2980 ἐπεάν
521 2920 553 2979 δὲ
571 2921 670 2998 μιχθῇ,
688 2918 907 2996 ἀποσιωσαμένη

103 3010 141 3113 τῇ
155 3005 209 3084 θεῷ
220 3004 442 3067 ἀπαλλάσσεται
462 3012 490 3071 ἐς
508 3007 545 3068 τιέ
558 3008 640 3077 οἰκία,
654 3007 700 3066 καὶ
711 3005 787 3066 τῶπδ
807 3005 908 3067 τούτου

104 3093 156 3154 οῦκ
169 3093 241 3156 οὕτω
261 3094 336 3176 μέγα
346 3095 377 3156 τί
391 3121 419 3155 οι
409 3094 571 3160 ‘Meae‘
550 3121 586 3158 ως
600 3120 650 3171 μιν
665 3092 800 3172 λάμψεαι.
841 3092 908 3155 ὅσαι

103 3181 157 3258 μέν
170 3206 220 3242 νυν
233 3182 318 3246 εἴδεός
329 3207 361 3243 τε
373 3184 529 3260 ἐπαμμέναι
543 3184 599 3243 εἶσὶ
617 3207 663 3243 και
652 3180 822 3295 μεγρῖθεος,
835 3182 908 3295 ταχύ

103 3268 403 3332 ἀπαλλάσσονται·
386 3295 454 3332 οσαι
486 3264 517 3331 δὲ
549 3270 675 3350 αμορφοι
705 3268 809 3332 αῦτέων
841 3272 907 3342 εἶσὶ,
