2150 3500
176 97 210 156 ἰι
487 101 673 154 Ἧνοιοτοτ
940 98 977 170 tt

175 179 388 262 ἀναμεμίχαται
404 181 451 242 καὶ
470 181 617 258 Καδμεῖοι,
633 181 680 242 καὶ
699 180 835 259 Δρύοπες,
855 180 905 242 καὶ
923 187 978 242 Φα-

176 270 236 334 κέες
251 268 431 347 ἀποδάσμιοι,
450 269 496 329 καὶ
511 270 677 340 Μολοσσοὶ,
691 269 739 329 καὶ
753 268 889 346 Ἀρκάδες
903 273 977 330 Πελ-

179 357 273 439 ασγοὶ,
283 359 328 417 καὶ
339 358 457 435 Δωριέες
468 356 649 435 Ἐπιδαύριοι,
658 355 737 416 ἄλλα
748 380 780 417 τε
793 357 874 417 ἔθνεα
881 359 980 416 πολλὰ

177 445 392 525 ἀναμεμίχαται.
425 449 453 505 οὶ
466 445 495 506 δὲ
507 443 597 504 αὖτῶν
610 442 667 504 άπδ
682 447 733 504 τοῦ
745 444 919 521 πρυτανηίου
930 450 979 516 τοῦ

178 532 333 610 Ἀθηναίων
353 533 519 611 ὁρμηθέντες
541 533 588 592 καὶ
610 533 769 610 νομίζοντες
788 531 980 612 γενναιότατοι

177 619 248 681 εἶναι
267 620 373 691 Ἰάνων,
387 618 463 680 οὗτοι
478 621 509 680 δὲ
525 619 558 680 αὖ
575 624 707 701 γυναῖκας
726 617 868 701 ἠγάγοντο
884 624 915 684 ές
930 620 981 696 τήν

178 708 317 785 οἶποικίην,
333 707 410 768 άλλιὶ
426 709 550 785 Καείρας
566 708 660 787 ἔσχον,
673 711 728 768 τῶν
743 706 903 783 ἐφόνευσαν
917 709 982 774 τοιὶς

177 797 285 877 γονέας.
319 795 365 856 διδ
381 799 480 856 τοῦτον
495 796 526 856 δὲ
543 793 593 856 τδν
609 793 699 871 φόνον
711 797 741 855 αἶ
753 797 882 877 γυναῖκες
899 793 982 856 αὗται

177 883 263 960 νόμον
279 883 399 960 θέμεναι,
416 884 505 958 σφίσι
524 881 628 963 αὗτῇσι
647 881 746 960 ὅρκους
766 880 919 958 ἐπήλασαν
936 884 983 943 καὶ

177 971 337 1050 παρέδοσαν
343 975 411 1049 τῇσι
424 970 588 1052 θυγατράσι,
595 969 637 1048 μή
650 981 714 1032 κοτε
721 969 896 1048 ὁμοσιτῆσαι
905 976 983 1034 τοῖσι

178 1057 304 1136 ἀνδράσι,
325 1057 396 1136 μηδὲ
415 1056 551 1136 ὀὐνόματι
571 1060 669 1136 βῶσαι
688 1057 738 1119 τδν
759 1060 861 1134 ἑωυτῆς
883 1057 983 1137 ἄνδρα·

176 1146 258 1207 τοῦδε
272 1145 370 1208 εἵνεκα·
391 1145 435 1207 ὅτι
448 1145 605 1222 ἐφόνευσαν
613 1145 711 1223 σφέων
723 1144 789 1209 τοιὶς
800 1146 926 1224 πατέρας
936 1149 984 1209 καὶ

178 1233 278 1313 ἄνδρας
292 1235 338 1294 καὶ
350 1234 459 1306 παῖδας,
473 1234 524 1293 καὶ.
532 1234 638 1298 ἔπειτεν
650 1238 739 1295 ταῦτα
753 1232 926 1309 ποιήσαντες
938 1235 986 1296 αὖ·

177 1328 247 1404 τῇσι
267 1325 417 1385 συνοίκεον.
452 1326 542 1384 ταῦτα
559 1323 590 1382 δὲ
604 1322 640 1399 ἦν
655 1322 789 1405 γινόμενα
805 1327 835 1382 ἐν
850 1323 986 1404 Μιλήτῳ.

132 1411 189 1474 147
200 1412 342 1475 Βασιλέας
355 1412 385 1472 δὲ
397 1409 557 1486 ἐστήσαντο
570 1413 661 1489 οἱμὲν
677 1410 767 1472 αὐτῶν
782 1411 913 1482 Λυκίους,
927 1411 987 1472 α’πδ

178 1499 307 1560 Γλαύκου
319 1503 370 1558 τοῦ
381 1497 556 1578 Ἱππολόχου
567 1497 727 1580 γεγονότας·
748 1500 776 1558 οὶ
788 1498 818 1558 δὲ
831 1498 988 1564 Καύκωνας

178 1588 311 1657 Πυλίους,
324 1584 381 1645 ἀπὸ
394 1585 506 1663 Κόδρου
518 1590 569 1647 τοῦ
582 1586 745 1648 Μελάνθου·
766 1589 794 1670 οἱ
810 1586 841 1646 δὲ
857 1587 907 1646 καὶ
919 1612 988 1649 συν·

177 1675 362 1754 αμφοτέρους.
394 1671 473 1733 ἄλλο’
491 1672 548 1757 γοὶρ
568 1675 745 1756 περιέχονται
760 1678 811 1736 ποῶ
829 1673 988 1754 οὐνόματος

176 1762 291 1842 μᾶλλόν
313 1788 341 1822 τι
361 1765 417 1823 τῶν
438 1760 534 1823 ἄλλων
556 1761 664 1835 Ἰάνων,
685 1764 813 1826 ἔστωσαν
834 1764 865 1823 δὲ
888 1765 938 1825 καὶ
958 1768 987 1825 οἶ

178 1852 303 1929 καθαρῶς
327 1848 473 1931 γεγονότες
493 1849 597 1915 Ἴωνες·
626 1852 683 1913 εἶσὶ
703 1851 734 1911 δὲ
757 1850 859 1915 πάντες
878 1850 986 1925 Ἴωνες,

178 1939 244 2001 ὅσοι
263 1937 311 1999 ἀπ’
330 1938 456 2015 Ἀθηνῶν
470 1938 607 2020 γεγόνασι
626 1940 674 2000 καὶ
688 1938 862 2018 Ἀπατούρια
877 1938 986 2021 ἄγουσι

177 2026 272 2106 ὁρτήν·
292 2025 395 2109 ἄγουσι
410 2027 441 2087 δὲ
458 2025 561 2092 πάντες
576 2026 653 2102 πλήν
664 2026 807 2103 Ἐφεσίων
820 2027 867 2089 καὶ
885 2033 985 2091 Κολο-

180 2117 298 2193 φωνίων·
320 2113 398 2176 οὗτοι
414 2114 470 2197 γιὶρ
486 2119 586 2193 μοῦνοι
600 2112 699 2176 Ἰῶνων
711 2114 762 2177 οὐκ
777 2113 881 2197 ἄγουσι
893 2113 984 2177 ’Awa-

132 2207 189 2265 148
197 2205 301 2284 τοόρια,
315 2204 362 2264 καὶ
380 2201 456 2263 οὗτοι
474 2202 546 2264 κατοὶ
559 2201 649 2280 φόνου
660 2201 723 2263 τινά
735 2206 852 2281 σκῆψιν.
893 2203 935 2264 Τδ
953 2204 985 2265 δὲ

178 2294 333 2355 Πανιώνιον
343 2293 405 2353 ἐστὶ
417 2295 468 2368 τῆς
479 2291 617 2369 Μυκάλης
624 2295 715 2370 χῶρος
728 2290 786 2370 ἱρδς
798 2289 983 2371 τρδςάρκτον

176 2382 371 2458 τετραμμένος,
382 2384 460 2457 κοινῇ
473 2380 686 2457 ἐξαραιρημένος
697 2379 752 2440 ὖπδ
764 2378 861 2441 Ἰάνων
874 2385 984 2443 Ποσει-

176 2469 254 2528 δέωνι
265 2467 425 2545 Ἑλικωνίῳ·
437 2466 457 2543 ἦ
470 2467 500 2526 δέ
512 2467 636 2544 Μυκάλη
647 2468 709 2529 ἐστὶ
719 2472 771 2544 τῆς
781 2466 900 2546 η’πείραυ
908 2467 983 2547 ἄκρη

176 2554 247 2632 πρδς
259 2555 378 2630 ζέφυρον
386 2553 488 2631 ἄνεμον
499 2554 661 2631 κατήκουσα
674 2555 769 2636 Σάμῳ,
778 2560 806 2620 ές
816 2556 869 2631 τήν
876 2559 983 2619 συλλε-

176 2640 292 2724 γόμενοι
311 2640 369 2703 άπδ
388 2645 444 2702 τῶν
458 2642 566 2704 πολίων
579 2642 673 2707 Ἴωνες
692 2643 816 2725 ἄγεσκον
831 2643 927 2721 ὁρτήν,
942 2650 983 2725 τῇ

176 2731 270 2792 ἔθεντο
283 2728 389 2806 οὕνομα
405 2729 558 2793 Πανιῶνια.
591 2732 751 2793 πεπόνθασι
763 2732 793 2792 δὲ
806 2731 867 2803 οὔτι
877 2735 984 2809 μοῦναι

176 2821 206 2880 αὶ
220 2816 319 2879 Ἰάνων
336 2815 417 2895 ὁρταὶ
431 2822 524 2889 τοῦτο,
542 2818 621 2880 άλλιὶ
637 2821 684 2880 καὶ
702 2818 849 2896 Ἑλλήνων
868 2818 983 2883 πάντων

176 2906 277 2985 ὁμοίους
294 2911 386 2967 πᾶσαι
398 2911 427 2970 ές
438 2905 527 2967 τῶυτιὶ
545 2906 665 2987 γράμμα
679 2910 840 2980 τελευτῶσι,
853 2906 981 2987 κατάπερ

177 2998 233 3056 τῶν
244 2996 380 3073 Περσέων
391 2993 428 3055 τά
439 2993 593 3071 οὐνόματα.

132 3084 189 3144 149
238 3080 329 3147 Αὗτοι
340 3086 393 3161 μὲν
405 3084 435 3143 αὶ
446 3080 533 3145 Ἰάδες
545 3081 643 3145 πόλιές
656 3085 721 3143 εἶσι.
754 3083 815 3143 οἶδε
827 3082 858 3143 δὲ
869 3084 899 3143 αὶ
912 3084 980 3165 Ab·

177 3167 261 3239 λίδες,
275 3168 361 3246 Κόμη
372 3169 392 3246 ἦ
404 3169 537 3247 Φρικωνὶς
552 3169 717 3247 καλεομένη,
730 3169 885 3249 Λήρισσαι,
901 3171 980 3232 Νέον

176 3258 278 3334 τεῖχος,
287 3259 406 3334 Τῆμνος,
419 3256 527 3329 Κίλλα,
540 3253 655 3329 Νότιον,
662 3256 847 3339 Δῖγφὸῑπῦι
856 3256 979 3335 Πιτάνη,

38 3348 71 3393 Ι
