2150 3500
100 97 243 163 ιιι-ιιι]
326 125 330 131 ·
435 101 599 152 υττανιικ.
845 105 894 153 ιιι

99 178 148 238 καί
161 182 262 240 τοῦτον
273 179 304 240 δέ
316 183 356 259 τήί
371 179 445 260 αύτῷ
458 179 554 260 τρόπῳ
567 181 736 260 διαχρᾶσθαι
752 185 792 260 τῷ
805 181 896 260 ἔτέριρ,
940 203 942 206 ·

96 263 136 325 τιί
149 290 182 326 τε
193 265 270 325 ἀλλα
288 267 335 326 καί
348 267 491 345 πυραμίδα
503 272 622 343 ποιήσαι
636 274 663 332 ἐς
680 271 732 345 μὲν
744 268 780 328 τά
794 269 896 328 ἐκείνου

96 353 188 431 μέτρα
203 353 254 414 οὐκ
271 353 439 430 ἀνήκουσαν·
459 361 548 417 ταῦτα
560 355 615 435 γάρ
629 355 665 415 ὧν
679 357 724 417 καί
737 355 817 433 ἡμεῖς
834 361 894 432 ἐμε-

96 440 250 518 τρήσαμεν·
266 441 342 522 (οὔτε
354 442 410 523 γάρ
421 440 523 503 ὕπεστι
535 443 673 520 οἰκήματα
686 443 741 504 ύπά
753 447 816 524 γῆν,
831 441 894 503 οὔτε
923 452 925 458 ’

96 530 129 586 ἐκ
147 532 198 589 τοῦ
217 529 326 589 Νείλου
341 529 442 607 διόρυξ
456 529 517 606 ἥκει
532 535 561 594 ἐς
576 530 663 608 αὐτήν
680 530 775 607 ὥσπερ
796 537 824 594 ἐς
842 531 894 607 τήν

96 613 193 692 ἐτέρην
206 615 321 694 ῥέουσα·
342 617 388 677 διαὶ
407 616 625 695 οἰκοδομημένου
645 618 675 679 δέ
695 615 818 682 αάλάινος
838 619 893 678 ἔσω

94 705 184 779 νῆσον
193 704 339 781 περιρρέει,
348 709 377 766 ἐν
385 709 422 784 πή
431 704 516 766 αάτάν
523 705 642 787 λέγουσι
652 707 762 767 κεῖσθαι
772 705 892 786 Χέοπα.)

92 788 245 869 ὖποδείμας
266 793 296 852 δὲ
315 793 365 854 τόν
385 797 496 870 πρῶτον
516 792 604 870 δόμον
624 794 707 854 λίθου
728 796 892 854 Αἰθιοπικοῦ

92 879 234 950 ποικιλου,
255 881 464 959 τεσσεράκοντα
485 880 574 946 πόδας
596 881 707 958 ἀποβάς
729 885 780 957 τῆς
800 880 893 960 ἑτέρης

90 964 182 1027 τοίυτδ
199 967 331 1050 μέγαθος,
350 968 485 1048 ἐχομένην
500 972 552 1044 τής
568 969 695 1049 μεγάλης
714 969 890 1046 οἰκοδόμησε.

90 1055 196 1115 ἑστᾶσι
209 1055 239 1115 δὲ
253 1057 299 1117 ἐπὶ
315 1055 411 1140 λόφου
423 1060 473 1118 τοῦ
485 1055 570 1117 αὐτοῦ
583 1056 749 1135 ἀμφότεραι,
763 1057 891 1134 μάλιστα

90 1144 121 1204 ἐς
143 1143 242 1205 ἐκατάν
264 1143 352 1209 πόδας
376 1143 499 1222 ύψηλοῦ.
539 1146 716 1221 βασιλεῦσαι
739 1145 769 1204 δὲ
792 1146 890 1226 ἔλεγον

88 1233 231 1308 Χεφρῆνα
244 1232 276 1302 ἐξ
287 1232 334 1292 καί
345 1230 518 1307 πεντήκοντα
531 1225 600 1291 ἔτεα.
632 1235 727 1297 Ταῦτα
740 1232 771 1302 ἐξ
782 1233 868 1291 τεκαὶ
879 1235 935 1291 128

90 1317 191 1378 ἑκατόν
203 1321 362 1401 λογίζονται
378 1320 448 1389 ἔτεα,
462 1324 492 1380 ἐν
504 1321 581 1378 τοῖσι
594 1319 777 1399 Αἰγυπτίοισί
790 1344 821 1378 τε
838 1323 889 1378 πά-

88 1430 148 1465 σαν
172 1405 242 1467 εἶναι
265 1406 404 1484 κακότητα
427 1407 474 1466 καὶ
499 1405 536 1466 τά
560 1406 607 1484 ἱροὶ
628 1405 731 1486 χρόνου
753 1406 890 1467 τοσούτου

88 1495 333 1570 κατακληῖσθέντα
353 1494 403 1555 οὔκ
423 1493 596 1574 ἀνοιχθῆναι.
637 1493 752 1558 τούτους
770 1493 889 1571 ἀπό-μί-

87 1605 158 1644 σεος
177 1581 210 1642 ού
230 1582 318 1660 κόρτα
338 1581 455 1643 θέλουσι
471 1581 621 1663 Αἰγύπτιοι
640 1579 794 1659 ἀνομάζειν,
811 1581 889 1642 ἀλλά

87 1669 138 1728 καί
159 1670 210 1733 τάς
230 1670 387 1749 πυραμίδας
408 1669 543 1730 καλέουσι
565 1668 696 1748 ποιμένος
719 1670 887 1742 Φιλιτίωνος,

89 1756 122 1819 ὃς
136 1761 236 1819 τοῦτον
250 1758 301 1821 τόν
319 1759 421 1838 χρόνον
441 1760 520 1836 ἔνεμε
539 1756 639 1835 κτήνεα
659 1757 730 1819 κατά
746 1762 834 1821 ταῦτα
850 1758 888 1820 -τά
956 1772 957 1777 ’

85 1846 188 1922 χωρία.

130 1933 213 1994 Μετά
224 1934 255 1995 δέ
269 1937 377 2006 τοῦτον,
390 1935 567 2011 βασιλεῦσαι
586 1936 729 2015 Αἰγυπτου
747 1936 866 2012 Μυκερῖ-
877 1936 935 1995 129

85 2045 138 2084 νον
159 2022 257 2104 ἔλεγον
277 2023 388 2086 Χέοπος
409 2022 504 2081 παῖδα·
530 2025 570 2101 τῷ
586 2021 623 2081 τά
641 2023 694 2098 μὲν
710 2025 762 2081 τοῦ
782 2021 887 2099 πατρός

84 2112 158 2190 ἔργα
169 2107 293 2171 ἀπαδεῖν·
313 2110 363 2171 τάν
375 2110 406 2169 δέ
417 2108 454 2170 τά
466 2135 497 2170 τε
511 2109 558 2187 ίρά
570 2107 678 2179 ἀνοῖξαι
692 2108 738 2168 καὶ
750 2108 801 2169 τόν
813 2109 886 2170 λειδν

84 2198 253 2275 τετρυμένον
270 2202 298 2262 ἐς
314 2197 347 2258 τό
368 2198 490 2276 ἔσχατον
508 2200 594 2256 κακοῦ
612 2195 716 2255 ἀνεῖναι
733 2196 803 2273 πρὸς
818 2197 885 2277 ἔργα

84 2308 118 2344 τε
131 2285 179 2344 καί
191 2286 298 2349 θυσίας·
313 2285 390 2350 δίκας
399 2285 431 2344 δέ
442 2290 499 2360 σφι
507 2282 618 2345 πόντων
627 2283 773 2360 βασιλέων
785 2283 886 2344 δικαιο-

84 2371 173 2436 τάτας
185 2374 295 2450 κρίνειν.
336 2372 408 2433 κατά
420 2376 505 2433 τοῦτο
516 2372 570 2449 μέν
586 2398 634 2433 νυν
647 2371 681 2432 τό
695 2372 783 2453 ἔργον,
798 2371 884 2433 ἀπάν·

84 2485 141 2521 των
153 2459 218 2521 ἀσοι
230 2460 283 2538 ήδη
295 2461 431 2539 βασιλέες
442 2461 569 2541 ἐγένοντο
582 2460 749 2543 Αἰγυπτίων,
761 2462 884 2521 αἰνέουσι
940 2507 943 2513 -

84 2548 215 2624 μάλιστα
226 2554 334 2612 τοῦτον·
354 2548 391 2609 τό
402 2555 434 2609 τε
451 2547 528 2608 ἀλλα
540 2548 595 2631 γάρ
607 2574 656 2626 μιν
670 2548 771 2626 κρίνειν
784 2548 821 2619 εὖ,
838 2549 884 2608 καὶ

84 2635 121 2712 δή
140 2637 240 2717 καὶτῷ
256 2638 472 2717 ἐπιμεμφομένῳ
489 2642 519 2696 ἐκ
538 2640 589 2712 τῆς
609 2636 686 2713 δίκης
705 2634 770 2714 παρ’
784 2639 883 2697 ἐωυτοΰ

84 2723 197 2786 διδόντα
229 2725 314 2798 ἀλλα,
340 2724 558 2803 ἀποπιμπλάναι
591 2722 676 2786 αὐτοῦ
708 2723 758 2785 τάν
784 2723 882 2800 θυμόν.

84 2811 159 2873 ἐόντι
171 2813 201 2873 δέ
213 2812 287 2894 ήπίῳ
298 2816 337 2893 τῷ
353 2813 499 2892 Μυκερίνῳ
516 2811 587 2872 κατά
604 2812 669 2875 τούς
686 2811 824 2887 πολιήτας
836 2811 882 2870 καὶ

83 2903 173 2960 ταῦτα
193 2901 379 2979 ἐπιτηδεύοντι
397 2904 507 2977 πρῶτον
525 2902 616 2960 κακῶν
632 2897 714 2976 ἀρξαι
732 2896 784 2973 τήν
800 2899 882 2979 θυγα-

83 2989 153 3064 τέρα
174 2988 373 3051 ἀποθανοῦσαν
393 2987 487 3058 αάτοῦ,
512 2988 565 3064 τήν
586 2986 690 3064 μοῦνόν
714 2988 741 3045 οἱ
761 2983 831 3043 εἶναι
852 2990 882 3045 ἐν

83 3077 163 3135 τοῖσι
179 3078 293 3137 οἰκίοισι
309 3078 414 3137 τέκνον·
434 3074 484 3136 τόν
500 3075 530 3135 δέ
547 3070 786 3154 ύπεραλγήσαντά
801 3096 832 3131 τε
844 3076 883 3149 τῷ

84 3166 302 3240 περιεπεπτώκεε
320 3163 473 3243 πρήγματι,
487 3163 534 3221 καὶ
551 3161 729 3238 βουλόμενον
748 3157 881 3235 περισσό-

84 3248 166 3327 τερόν
174 3275 203 3311 τι
214 3254 269 3311 τῶν
278 3248 374 3310 ἀλλων
384 3248 474 3328 θάψαι
485 3246 538 3325 τήν
552 3246 698 3328 θυγατέρα,
706 3242 883 3321 ποιήσασθαι
