2150 3500
128 99 268 165 ιιι-ιιι]
457 100 593 152 omn.
876 105 925 153 ιιι

125 182 236 259 θύμησι
251 184 302 258 τῆς
318 179 451 261 χλανίδος
466 182 513 240 καὶ
529 181 616 257 αὐτήν
633 182 800 259 προσελθῶν
820 181 929 244 ῶνέετο·

125 270 142 330 6
155 270 185 330 δὲ
200 272 336 335 Συλοσῶν
349 269 436 346 ὁρέων
448 268 499 329 τδν
511 272 634 345 Δαρεῖον
651 269 780 350 μεγάλως
800 271 928 346 ἐπιθυμέ-

125 384 194 419 οντα
206 362 257 433 τῆς
268 357 411 436 χλανίδος,
426 357 487 435 θείη
497 356 570 435 τύχη
582 357 738 435 χρεώμενος
751 358 837 438 λέγει·
851 358 928 439 “ε’γῶ

123 446 229 522 ταύτην
254 446 353 505 πωλέω
379 446 432 520 μὲν
457 444 569 507 οὐδενὸς
593 443 747 525 χρήματος·
778 444 874 522 διδωμι
898 446 928 505 δὲ

123 532 220 597 ἄλλως
233 534 259 593 εί
270 558 323 611 περ
337 530 408 593 οὕτω
421 531 464 591 δεῖ
472 530 630 613 γενέσθαι·”
643 530 751 595 πάντως
760 557 805 591 τοι
815 533 927 598 αἰνέσας

123 625 212 682 ταῦτα
225 620 241 683 6
254 624 373 699 Δαρεῖος
385 620 607 696 παραλαμβάνει
619 618 653 679 τὰ
667 620 741 695 είμα.
775 619 791 679 6
804 623 856 696 μὲν
870 621 904 697 δή
915 622 973 683 140

124 710 261 773 Συλοσῶν
273 707 415 785 ήπίστατύ
429 710 456 766 οἱ
468 711 552 767 τοῦτο
565 706 744 767 ἀπολωλέναι
757 706 790 766 δι’
804 706 925 784 εὐηθίην·

122 796 159 860 ῶς
179 797 210 856 δὲ
228 800 278 857 τοῦ
295 794 398 875 χρόνου
415 796 620 873 προβαίνοντος
634 794 797 871 Καμβύσης
811 820 843 855 τε
860 795 925 857 άπέ-

122 884 190 943 θανε
210 885 256 943 καὶ
274 888 313 962 τῷ
325 883 418 964 Μάγῳ
432 883 628 958 ἐπανέστησαν
641 886 668 941 οἶ
681 881 759 953 ἑπτά,
768 883 814 941 καὶ
827 888 925 945 ἐκτῶν

123 971 193 1032 ἑπτά
221 975 339 1050 Δαρεῖος
364 971 417 1047 τήν
437 972 597 1047 βασιληίην
619 971 695 1049 ἔσχε,
716 969 883 1031 πυνθάνεται
906 971 924 1033 6

123 1061 260 1123 Συλοσῶν
273 1059 308 1123 ῶς
321 1059 340 1135 η’
353 1059 496 1135 βασιληίη
509 1058 709 1135 περιεληλύθοι
722 1063 750 1121 ές
762 1062 862 1119 τοῦτον
874 1059 924 1120 τῶν

121 1145 217 1225 ἄνδρα,
231 1152 270 1227 τῷ
283 1149 346 1207 κοτὲ
359 1146 442 1210 αὐτάς
462 1146 544 1205 ἔδωκε
560 1150 591 1205 ἐν
604 1145 736 1226 Αἰγύπτῳ
750 1145 873 1221 δεηθέντι
885 1147 919 1207 τά

121 1236 195 1312 εἷμα·
216 1235 326 1313 άναβάς
342 1235 372 1295 δὲ
389 1240 417 1298 ές
431 1234 468 1294 τοὶ
488 1235 587 1297 Σοῦσα
604 1234 677 1304 ἵζετο
697 1238 726 1295 ἐς
742 1232 778 1291 τά
797 1234 923 1310 πρόθυρα

119 1326 175 1382 τῶν
195 1324 335 1399 βασιλέος
360 1323 460 1393 οἰκίων,
485 1322 532 1379 καὶ
558 1322 614 1397 ἔφη
638 1320 758 1397 Δαρείου
779 1318 923 1401 εὐεργέτης

121 1410 199 1469 εἶναι·
217 1410 352 1492 α’γγέλλει
364 1414 452 1470 ταῦτα
466 1407 591 1472 άκούσας
602 1407 619 1467 6
632 1407 773 1485 πυλουρός
784 1411 824 1487 τῷ
835 1409 921 1484 βασι·
944 1456 949 1462 .

119 1499 173 1569 λέῖ,
189 1498 205 1559 6
218 1499 248 1559 δὲ
262 1498 411 1581 θωμμάσας
424 1499 502 1578 λέγει
519 1498 591 1574 πρδς
603 1495 696 1556 αὐτόν·
717 1504 736 1532 “
746 1495 793 1554 καὶ
804 1496 847 1558 τίς
861 1500 922 1558 ἔστι

118 1584 264 1662 Ἑλλήνων
284 1586 435 1668 εὐεργέτης,
449 1583 471 1664 ᾧ
486 1584 541 1665 ε’γῶ
556 1584 740 1662 προαιδεῦμαι
752 1585 852 1643 νεωστὶ
869 1585 921 1660 μὲν

118 1672 170 1751 τήν
190 1673 281 1754 α’ρχήν
302 1676 389 1754 ἔχωνς
411 1672 576 1750 α’ναβέβηκε
595 1672 626 1732 δὲ
644 1672 687 1736 τίς
708 1669 738 1755 [ἢ
759 1669 859 1753 οὐδείς]
883 1696 922 1732 κιο

117 1763 184 1840 παρ’
204 1763 293 1840 ἡμέας
314 1762 420 1832 αὐτῶν;
449 1763 503 1840 ἔχω
525 1762 555 1820 δὲ
577 1761 661 1841 χρέος
681 1760 717 1824 ῶς
737 1764 823 1821 είπεῖν
842 1760 921 1822 οὐδὲν
950 1811 953 1815 .

118 1849 218 1928 α’νδρδς
230 1851 382 1928 Ἕλληνος.
416 1849 490 1927 ὅμως
503 1849 533 1910 δὲ
546 1847 631 1909 αὐτῶν
643 1848 784 1929 παράγετε
798 1848 861 1919 ἔσω,
876 1849 921 1909 ἵνα

118 1939 194 1998 εἰδέω
213 1940 244 1999 τί
262 1940 352 1999 θέλων
371 1939 449 2019 λέγει
468 1935 583 1997 rafim?
616 1939 727 2016 παρῆγε
744 1936 761 1996 6
781 1936 920 2012 πυλαυρῶς

116 2026 167 2086 τῶν
187 2028 369 2092 Συλοσῶντα·
396 2025 504 2086 στάντα
524 2024 555 2083 δὲ
581 2028 610 2086 ἐς
632 2024 723 2100 μέσον
744 2022 870 2099 είριύτευν
892 2026 920 2083 οἶ

117 2116 246 2192 ἑρμηνέες
264 2115 307 2179 τίς
323 2139 355 2174 τε
373 2114 424 2189 εἴη,
439 2113 486 2172 καὶ
500 2113 531 2173 τί
546 2109 668 2185 ποιήσας
687 2108 831 2190 εὐεργέτης
844 2111 919 2185 φησὶ

117 2203 187 2262 εἶναι
199 2203 339 2279 βασιλέος
348 2228 357 2272 ;
379 2202 439 2261 εἶπε
456 2200 494 2261 ῶν
509 2199 525 2260 6
543 2201 680 2264 Συλοσῶν
694 2196 787 2257 πάντα
803 2196 839 2255 τοὶ
855 2198 919 2274 περὶ

115 2289 170 2366 τήν
191 2290 313 2370 χλανίδα
334 2289 479 2372 γενόμενα,
500 2287 547 2347 καὶ
568 2285 604 2349 ῶς
627 2284 710 2349 αὐτάς
731 2286 774 2360 εἴη
794 2287 883 2348 κεῖνος
901 2285 918 2345 6

115 2377 189 2442 δούς·
210 2377 358 2457 ἀμείβεται
378 2377 448 2456 πρδς
464 2381 554 2437 ταῦτα
574 2378 702 2452 Δαρεῖος·
727 2372 777 2432 “ῶ
796 2373 917 2454 γενναιό-

114 2491 182 2527 τατε
195 2465 310 2545 ἀνδρῶν,
318 2466 356 2528 σύ
370 2470 459 2530 κεῖνος
471 2465 498 2524 εἴ
509 2463 541 2528 ὃς
553 2463 616 2540 ε’μοὶ
629 2461 761 2539 οὐδεμίαν
773 2461 869 2540 ἔχοντί
879 2487 918 2521 κω

114 2554 231 2633 δύναμιν
251 2555 361 2624 ἔδωκας,
382 2559 406 2615 εἶ
425 2554 471 2613 καὶ
488 2551 613 2630 σμικράς
633 2551 700 2611 ἀλλ’
716 2550 754 2611 ῶν
774 2551 825 2626 ἴση
844 2575 879 2631 γε
895 2550 916 2626 ἦ

113 2642 196 2722 χάρις
211 2643 313 2720 ὁμοίως
334 2641 369 2706 ῶς
382 2645 407 2701 εἰ
419 2645 469 2702 νῦν
482 2642 563 2702 κοθέν
575 2666 603 2700 τι
615 2641 690 2721 μέγα
702 2638 835 2716 λάβοιμι·
856 2637 916 2698 ἄνθ’

114 2728 153 2790 ῶν
172 2756 216 2791 τοι
235 2729 345 2810 χρυσῶν
360 2730 407 2788 καὶ
422 2727 544 2811 ἄργυρον
559 2727 682 2787 ἄπλετον
698 2726 804 2802 δίδωμι,
820 2723 857 2788 ῶς
874 2725 917 2802 μή

114 2819 181 2878 κοτέ
197 2844 243 2879 τοι
262 2817 455 2896 μεταμελήσει
475 2819 596 2894 Δαρεῖον
614 2813 665 2874 τῶν
683 2811 862 2875 Ὑστάσπεος
886 2812 916 2872 εὖ

112 2906 291 2984 ποιήσαντι·”
316 2907 396 2986 λέγει
415 2903 485 2982 πρδς
504 2906 593 2964 ταῦτα
612 2900 629 2960 6
650 2902 797 2965 Συλοσῶν·
824 2900 914 2975 “ε’μοὶ

111 2993 185 3072 μήτε
202 2993 319 3074 χρυσῶν,
337 2992 359 3053 ὦ
375 2995 510 3069 βασιλεῦ,
523 2987 596 3066 μήτε
612 2986 732 3069 ἄργυρον
747 2986 834 3055 δίδου,
848 2983 915 3044 ἀλλ’

112 3080 331 3158 ἀνασωσάμενός
348 3105 399 3157 μοι
417 3079 464 3142 δδς
476 3077 527 3154 τήν
540 3075 661 3152 πατρίδα
674 3074 778 3151 Σάμον,
791 3073 845 3149 τήν
857 3076 914 3144 νῶν,

111 3169 253 3246 ἀδελφεοῦ
273 3173 324 3230 τοῦ
345 3171 413 3245 ε’μοῶ
432 3162 631 3243 Πολυκράτεος
650 3161 840 3223 ἀποθανόντος
858 3159 914 3219 ύπὸ

111 3256 253 3334 Ὀροίτεω,
267 3257 325 3336 ἔχει
338 3256 438 3317 δοῦλος
450 3253 594 3330 ἡμέτερος·
614 3249 717 3325 ταύτην
728 3273 778 3325 μοι
791 3246 838 3310 δύς
849 3245 914 3306 ι’ίνευ
