2150 3500
167 128 216 175 284
455 97 656 177 ,Ἧοοιοτοτ
912 124 975 191 [IV.

166 205 197 264 δὲ
217 198 397 281 Κιμμερίους,
418 203 552 265 ἐπιόντων
567 204 703 275 Σκυθέων,
723 203 923 281 βουλεύεσθαι
943 204 978 269 ώς

166 297 288 370 στρατοῦ
314 292 439 355 ἐπιόντος
468 291 624 373 μεγάλου,
646 292 693 350 καὶ
722 292 758 367 δὴ
785 292 840 355 τοὶς
864 294 977 373 γνώμας

166 382 263 456 σφέων
298 380 512 458 κεχωρισμένας,
547 378 673 443 ἐντόνους
709 382 764 456 μὲν
800 380 975 458 ἀμφοτέρας,

166 469 267 544 α’μείνω
286 468 316 527 δὲ
334 468 385 544 τὴν
402 472 458 528 τῶν
475 468 632 544 βασιλέων·
653 466 707 542 τήν
723 470 777 545 μὲν
796 468 855 549 γάρ
875 468 975 543 δὴτοῦ

166 556 254 634 δήμου
276 555 371 633 φέρειν
390 554 504 637 γνώμην
527 555 564 619 οἷς
582 554 833 615 ἀπαλλάσσεσθαι
856 560 976 637 πρῆγμα

166 645 216 719 εἴη,
237 644 309 721 μηδὲ
328 643 400 720 πρός
419 641 547 707 πολλούς
566 643 698 720 δεόμενον
718 642 897 703 κινδυνεύειν·
925 644 977 720 τήν

166 731 196 791 δὲ
208 736 263 791 τῶν
275 731 430 808 βασιλέων,
445 730 635 809 διαμάχεσθαι
647 732 776 807 περὶτῆς
788 729 888 809 χώρης
899 735 976 791 τοῖσι

166 824 286 879 ἐπιοῦσι·
321 818 409 879 σύκων
435 818 469 895 δη
498 820 606 879 ἐθέλειν
632 819 783 879 πείθεσθαι
808 818 878 878 οὔτε
900 823 976 880 τοῖσι

165 908 323 983 βασιλεῦσι
335 906 385 968 τόν
398 907 496 983 δῆμον,
510 906 575 968 ούτε
591 912 631 987 τῷ
646 906 725 986 δήμω
740 906 808 969 τούς
820 909 975 983 βασιλέας·

164 994 230 1058 τούς
246 998 298 1072 μὲν
315 995 349 1071 δή
368 994 614 1056 ἀπαλλάσσεσθαι
631 994 827 1071 βουλεύεσθαι
840 994 976 1075 ἀμαχητὶ,

164 1082 217 1157 τὴν
242 1082 336 1161 χώρην
362 1082 539 1159 παραδόντας
567 1086 646 1143 τοῖσι
676 1088 797 1143 ἐπιοῦσι·
841 1086 923 1143 τοῖσι
947 1084 976 1143 δέ

165 1172 324 1246 βασιλεῦσι
337 1170 415 1241 δόξαι
429 1176 458 1232 ἐν
470 1176 507 1249 τῇ
520 1174 627 1232 ἐωυτών
640 1172 755 1231 κέεσθαι
768 1170 975 1243 ἀποθανόντος,

166 1258 236 1335 μηδὲ
263 1259 436 1341 συμφεύγειν
457 1262 496 1338 τῷ
519 1258 606 1339 δήμω,
633 1260 842 1341 λογισαμένους
862 1258 925 1321 ὅσα
942 1286 974 1321 τε

166 1344 260 1427 ἀγαθά
282 1346 441 1409 πεπόνθασι
468 1347 514 1405 καὶ
535 1346 593 1407 ὅσα
614 1346 770 1427 φεύγοντας
792 1352 824 1406 ἐκ
847 1351 902 1423 τῆς
922 1374 974 1406 πα-

165 1434 258 1511 τρίδος
278 1435 350 1495 κακὰ
371 1434 484 1504 ἐπιδοξα
502 1434 742 1512 καταλαμβάνειν·
777 1434 815 1498 ὦς
838 1434 870 1493 δὲ
894 1435 973 1505 δόξαι

166 1527 223 1595 σφι
247 1527 344 1593 ταῦτα,
371 1521 544 1596 διαστάντας,
569 1524 616 1581 καὶ
640 1521 761 1600 άριθμόν
788 1523 871 1585 ἴσους
894 1548 972 1603 γενο-

164 1610 271 1683 μένους,
298 1610 442 1689 μάχεσθαι
467 1610 538 1687 πρός
564 1609 718 1686 σ’λλήλους·
753 1610 801 1669 καὶ
827 1610 897 1675 τούς
921 1613 972 1688 μὲν

164 1694 355 1761 ἀποθανόντας
376 1698 482 1762 πάντας
502 1696 549 1758 ὑπ’
565 1701 680 1769 ἑωυτῶν,
699 1698 789 1777 θάψαι
807 1698 861 1759 τόν
882 1699 971 1777 δῆμον

163 1788 219 1845 τῶν
241 1787 403 1863 Κιμμερίων
422 1785 499 1863 παρά
519 1786 648 1863 ποταμόν
667 1786 853 1863 Τύρην-καί
874 1793 972 1863 σφεων

165 1873 205 1930 ἔτι
232 1872 317 1948 δῆλός
341 1878 403 1934 ἐστι
425 1873 441 1934 ὁ
462 1874 738 1953 τάφος-θάψαντας
760 1874 800 1944 δὲ,
823 1873 899 1934 οὕτω
919 1875 970 1951 την

165 1959 260 2029 ἔξοδον
274 1966 303 2020 ἐκ
317 1965 367 2038 τῆς
379 1961 472 2040 χώρης
484 1962 641 2041 ποιέεσθαι·
663 1961 771 2026 Σκύθας
788 1962 819 2022 δὲ
836 1963 968 2024 ἐπελθόν·

124 2057 215 2115 12τας
231 2051 334 2126 λαβεῖν
347 2051 456 2128 ἐρήμην
473 2048 526 2124 τὴν
543 2049 648 2128 χώρην.
689 2050 747 2108 Καὶ
764 2051 814 2109 νῦν
835 2051 899 2110 ἐστι
918 2053 969 2128 μὲν

166 2141 246 2216 ἐντῇ
265 2139 388 2217 Σκυθικῇ
405 2137 548 2216 Κιμμέρια
563 2137 668 2215 τείχεα·
688 2136 797 2196 ἔστιδὲ
814 2138 969 2214 Πορθμήῖα

128 2285 130 2290 ,
166 2226 318 2302 Κιμμέρια·
340 2227 400 2287 ἐστι
413 2225 443 2285 δὲ
456 2225 502 2285 καὶ
517 2222 596 2304 χώρη
609 2222 715 2301 οὕνομα
731 2226 885 2306 Κιμμερίη·
907 2227 968 2286 ἔστι

165 2310 195 2370 δέ
212 2313 361 2391 Βόσπορος
380 2313 535 2391 Κιμμέριος
554 2311 732 2390 καλεόμκνος.
774 2313 967 2388 φαίνονταιδέ

166 2401 193 2456 οἶ
211 2401 363 2477 Κιμμέριοι
381 2401 532 2482 φεύγοντες
547 2404 575 2463 ἐς
590 2399 646 2476 την
658 2400 760 2477 Ἀσίην
771 2399 838 2464 τούς
857 2400 967 2466 Σκύθας

167 2484 213 2542 καὶ
233 2485 285 2559 την
306 2488 484 2565 χερσόνησον
504 2490 656 2560 κτίσαντες,
677 2493 708 2548 ἐν
727 2492 764 2567 τῇ
783 2492 834 2548 νῦν
853 2488 966 2566 Σινώπη

163 2571 246 2636 πόλις
259 2573 365 2638 Ἑλλάς
378 2576 509 2636 οἴκισται·
532 2577 649 2654 φανεροὶ
669 2575 702 2636 δέ
721 2580 777 2636 εἶσι
795 2577 842 2636 καὶ
856 2579 884 2637 οἶ
896 2577 965 2642 Σκῦ·

167 2661 214 2720 θαι
237 2661 380 2732 διώξαντες
403 2662 503 2728 αύτούς
525 2665 571 2723 καὶ
595 2663 769 2742 ἐσβαλόντες
789 2669 819 2728 ἐς
838 2669 895 2746 γῆν
915 2665 966 2742 τὴν

167 2748 304 2826 Μηδικὴν,
325 2750 495 2830 ἁμαρτόντες
512 2756 563 2828 τῆς
580 2751 656 2812 ὁδοῦ·
677 2755 705 2812 οἶ
718 2754 771 2830 μὲν
784 2752 841 2835 γάρ
856 2753 965 2830 Κιμμέ·

162 2860 218 2908 ριοι
232 2838 285 2894 αἰεὶ
298 2838 350 2913 τήν
363 2839 440 2916 παραὶ
458 2839 611 2899 θάλασσαν
623 2840 753 2920 ἔφευγον·
774 2844 801 2900 οἱ
816 2841 847 2900 δὲ
859 2841 965 2905 Σκύθαι

162 2923 191 2976 ἐν
211 2921 286 2998 δεξιῇ
305 2923 355 2984 τόν
375 2925 528 2985 Καύκασον
549 2927 659 3002 ἔχοντες
678 2927 800 2987 ἐδίωκον·
825 2931 853 2989 ἐς
869 2926 963 3005 θ’ἐσέ·

158 3003 254 3073 βαλον
274 3013 302 3071 ἐς
318 3009 372 3084 τήν
388 3010 518 3085 Μηδικὴν
537 3015 599 3090 γῆν,
614 3015 643 3074 ἐς
657 3012 815 3092 μεσόγαιαν
831 3018 883 3089 τῆς
897 3012 962 3073 ὁδοῦ

158 3091 337 3160 τραφθέντες.
378 3095 458 3157 οὗτος
470 3095 603 3158 δὲ’άλλος
616 3097 696 3165 ξυνός
708 3099 855 3177 Ἑλλήνων
869 3100 960 3161 τεκαὶ

156 3169 312 3247 βαρβάρων
325 3179 477 3257 λεγόμενος
489 3181 577 3260 λόγος
591 3182 707 3258 εἴρηται.

112 3244 147 3336 ¹3
192 3250 270 3321 Ἔφη
290 3259 321 3316 δὲ
339 3260 485 3338 Ἀριστέης
505 3265 521 3322 ὁ
542 3270 756 3344 Καϋστροβίου,
784 3269 856 3350 άνήρ
881 3277 956 3350 Προ-
