2150 3500
233 80 242 98 Ι
764 68 767 74 .

76 128 185 193 οι-το]
428 128 562 180 emm.
829 131 878 179 ιιι

73 209 143 283 μίαν
164 208 272 269 ἰδέσθαι
291 211 347 269 τῶν
367 208 584 290 συγκατημένων
603 212 748 286 γυναικῶν·
769 208 832 267 ἐπεί
847 233 880 269 τε

73 295 129 374 γάρ
155 295 278 374 τάχιστα
310 294 391 359 οὗτος
423 295 577 374 ὥνθρωπος,
606 296 685 359 ὅστις
714 296 780 356 κοτέ
805 301 876 367 ἔστι,

72 384 222 459 παρέλαβε
244 382 296 457 τὴν
318 384 483 460 βασιληίην,
508 384 648 460 διέσπειρε
670 383 759 460 ἦμέας
783 382 876 458 ύλλην

73 468 151 549 άλλῃ
161 469 271 539 τάξας.”
299 470 445 531 Ἀκούοντι
458 471 488 529 δὲ
497 476 585 530 ταῦτα
597 476 636 549 τῷ
648 470 753 551 Ὀτάνῃ
762 475 876 548 μᾶλλον
886 474 924 533 69

72 559 256 634 κατεφαίνετο
271 557 305 618 τδ
319 563 445 639 πρῆγμα·
461 560 563 635 τρίτην
576 558 606 618 δὲ
622 557 757 639 ἀγγελίην
770 560 875 636 ἐσπέμ-

71 670 120 704 πει
132 644 197 722 παρ’
212 644 299 721 αὐτὴν
312 646 454 726 λέγουσαν
466 650 564 706 ταῦτα·
581 645 630 705 “ὦ
644 646 781 731 θύγατερι
786 646 829 706 δεῖ
841 673 877 707 σε
931 663 933 666 ’

70 737 219 814 γεγονυῖαν
236 732 265 792 εὖ
280 733 405 793 κίνδυνον
420 732 620 809 ἀναλαβέσθαι
634 733 685 793 τδν
701 732 736 793 ἂν
751 732 768 793 ὅ
783 734 876 813 πατὴρ

69 820 201 881 ύποδύειν
214 820 323 901 κελεύῃ·
341 826 365 881 εἰ
377 820 432 903 γάρ
443 822 476 898 δή
487 821 529 899 μή
540 828 603 883 ε’στι
613 821 629 882 ὁ
640 822 736 899 Κύρου
749 823 875 900 Σμέρδις,

69 907 152 969 α’λλά
169 909 220 971 τόν
236 910 391 969 καταδοκέω
411 909 472 990 ἐγώ,
487 908 565 970 ούτοι
582 935 631 986 μιν
649 910 700 971 σοι’
714 936 746 969 τε
763 936 875 993 συγκοι-

68 995 202 1074 μύμενον
208 998 255 1056 καὶ
267 996 300 1057 τά
315 998 449 1075 Περσέων
460 997 561 1074 κράτος
574 998 674 1076 ἔχοντα
687 998 730 1057 δεῖ
740 1000 876 1076 χαίροντα

68 1084 282 1157 ἀπαλλάσσειν,
302 1085 381 1145 α’λλοὶ
401 1086 495 1147 δοῦναι
515 1086 604 1161 δίκην·
626 1089 676 1148 νῦν
695 1084 733 1146 ὧν
752 1086 873 1161 ποίησον

67 1173 147 1233 τάδε·
167 1173 251 1234 ε’πεάν
267 1198 316 1234 σοι
331 1173 449 1252 συνεύδῃ
462 1174 508 1234 καὶ
524 1173 618 1253 μάθῃς
632 1172 717 1233 αύτδν
733 1198 872 1234 κατυπνω·

66 1262 163 1337 μένον,
178 1261 315 1338 ἅφασσον
328 1260 413 1321 αὐτοῦ
426 1261 462 1321 τά
478 1261 545 1321 ὦτα·
566 1261 612 1321 καὶ
627 1258 662 1337 ἢν
674 1262 726 1337 μὲν
739 1262 873 1337 φαίνηται

68 1350 141 1429 ἔχων
159 1349 223 1421 ὦτα,
238 1349 333 1427 νόμιζε
350 1347 475 1425 σεωυτὴν
492 1349 597 1427 Σμέρδι
612 1352 651 1428 τῷ
667 1347 763 1426 Κύρου
781 1374 872 1408 συνοι·

68 1438 153 1498 κέειν·
178 1437 214 1515 ἦν
238 1438 268 1498 δὲ
290 1437 332 1515 μὴ
357 1438 435 1516 ἔχων,
459 1436 497 1497 σι)
521 1438 552 1497 δὲ
577 1441 616 1515 τῷ
636 1436 718 1517 μάγῳ
742 1434 872 1514 Σμέρδι.”

66 1524 238 1603 οἶντιπέμπει
253 1525 324 1603 πρδς
340 1530 429 1586 ταῦτα
444 1524 463 1603 ἦ
477 1524 599 1602 Φαιδύμη
613 1524 725 1600 φαμένη
739 1522 871 1584 κινδυνεύ-

67 1639 133 1673 σειν
145 1614 283 1696 μεγάλως,
294 1610 328 1689 ἢν
341 1617 409 1692 ποιῇ
418 1617 516 1674 ταῦτα·
529 1611 564 1689 ἢν
576 1610 633 1693 γάρ
646 1609 682 1687 δη
694 1610 735 1688 μη
747 1609 873 1693 τυγχάνῃ

65 1700 106 1762 τοὶ
126 1700 184 1762 ὦτα
203 1704 281 1782 ἔχων,
297 1692 472 1779 έπίλαμπτος
488 1700 518 1762 δὲ
539 1699 717 1778 ἀφάσσουσα
735 1701 823 1770 ἔσται,
842 1704 872 1767 εὖ

66 1791 171 1853 εἰδέναι
181 1791 217 1872 ᾡς
226 1790 362 1852 ’άϊστιύσει
370 1816 428 1867 μιν·
446 1789 519 1868 ὅμως
529 1791 625 1866 μέντοι
634 1787 765 1865 ποιήσειν
774 1791 871 1848 ταῦτα.

67 1879 87 1955 ἡ
99 1881 153 1956 μὲν
166 1878 200 1954 δὴ
213 1879 364 1949 ὑπεδέξατο
379 1882 468 1938 ταῦτα
482 1883 521 1956 τῷ
532 1879 619 1956 πατρὶ
635 1876 871 1958 κατεργάσεσθαι.

65 1967 133 2048 (τοῦ
146 1967 177 2027 δὲ
189 1966 293 2048 Μάγου
304 1965 404 2026 τούτου
419 1969 470 2026 τοῦ
488 1965 623 2042 Σμέρδιος
641 1967 735 2041 Κῦρος
753 1963 770 2023 ὁ
790 1968 871 2040 Καμ-

64 2053 169 2132 βύσεω
185 2053 279 2134 ἅρχων
297 2053 333 2114 τοὶ
351 2053 408 2114 ὦτα
426 2052 548 2129 ἀπέτεμε
564 2050 606 2111 ἐπ’
618 2051 694 2133 αἰτίῃ
712 2049 747 2124 δή
767 2075 821 2109 τινι
838 2049 871 2109 ού

65 2143 200 2223 σμικρῇ.)
239 2141 260 2219 ἦ
283 2142 321 2204 ὧν
344 2141 378 2218 δη
398 2141 520 2217 Φαιδίμη
543 2138 621 2215 αὕτη,
641 2137 661 2214 ἦ
680 2141 731 2198 τοῦ
750 2136 873 2197 Ὀτάνεω

65 2229 203 2313 θυγάτηρ,
217 2230 308 2292 πάντα
322 2229 504 2290 ἐπιτελέουσα
515 2225 552 2287 τοὶ
564 2226 717 2295 ὑπεδέξατο
730 2229 769 2303 τῷ
777 2225 871 2302 πατρὶ,

65 2320 134 2380 ε’πεί
149 2344 182 2380 τε
201 2317 286 2394 αὐτῆς
304 2317 389 2396 μέρος
408 2315 521 2398 ἐγίνετο
532 2317 584 2390 τῆς
601 2313 711 2384 ἀπίξιος
727 2311 806 2390 παραὶ
822 2310 873 2373 τδν

65 2406 182 2488 Μάγον,
195 2407 238 2488 (ἐν
252 2408 407 2484 περιτροπῇ
419 2403 475 2485 γάρ
489 2402 523 2478 δή
540 2405 570 2462 αἶ
584 2405 711 2482 γυναῖκες
725 2400 872 2478 φοιτέουσι

63 2498 147 2556 τὀῖσι
156 2492 311 2574 Πέρσῃσι)
320 2494 446 2553 ἐλθοῦσα
455 2489 520 2568 παρ’
529 2487 698 2566 αύτδνηύδε·
711 2487 872 2566 ὑπνωμένου

65 2583 100 2644 δὲ
117 2587 254 2660 καρτερῶς
270 2584 321 2641 τοῦ
339 2578 451 2660 Μάγου,
464 2577 584 2656 ἥφασσε
599 2578 636 2640 τά
652 2577 718 2639 α’ντα·
737 2579 872 2655 μαθοῦσα

65 2672 100 2731 δὲ
113 2669 146 2730 ού
161 2674 293 2750 χαλεπῶς
308 2667 374 2728 ἀλλ’
389 2666 521 2730 εύπετέως
537 2666 587 2727 ούκ
604 2667 705 2746 ἔχοντα
717 2666 767 2726 τδν
785 2663 872 2743 ἄνδρα

65 2756 134 2828 ὦτα,
149 2758 185 2823 οἷς
199 2757 290 2836 ἡμέρη
302 2755 427 2836 τάχιστα
442 2754 577 2837 ἐγεγόνεε,
592 2755 733 2832 πέμψασα
748 2752 872 2829 ἐσήμηνε

63 2848 108 2925 τῷ
120 2845 206 2922 πατρὶ
218 2845 255 2906 τοὶ
267 2844 414 2926 γενόμενα.

108 2931 143 2992 Ὀ
165 2933 195 2993 δὲ
214 2931 335 3009 Ὀτάνης
353 2929 531 3010 παρολαβιλν
550 2927 726 3005 Ἀσπαθίνην
747 2927 793 2987 καὶ
812 2927 917 2988 mo

64 3020 169 3098 βρύην,
180 3021 315 3099 Περσέων
327 3046 360 3080 τε
372 3018 497 3097 πρύτους
510 3017 607 3081 ἐόντας
620 3017 666 3076 καὶ
680 3019 768 3094 ἑωυτῷ
779 3020 870 3090 ἐπιτη-

66 3108 220 3173 δεωτάτους
233 3113 261 3172 ές
274 3108 380 3178 πίστιν,
394 3105 564 3189 ἀπηγήσατο
579 3109 636 3164 πᾶν
647 3103 681 3163 τδ
697 3107 823 3184 πρῆγμα·
844 3104 872 3162 οἶ

66 3198 100 3258 δὲ
118 3195 165 3256 καὶ
181 3195 261 3257 αὐτοὶ
276 3195 332 3273 ἄρα
347 3193 503 3254 ύπάπτευον
524 3191 595 3253 οὕτω
611 3196 695 3252 τοῦτο
713 3191 794 3270 ἔχειν,
812 3189 872 3249 α’νε·

66 3283 210 3347 νείκαντος
224 3283 254 3342 δὲ
269 3285 321 3342 τοῦ
333 3280 455 3341 Ὀτάνεω
468 3279 533 3344 τούς
550 3279 654 3359 λόγους
669 3279 805 3348 ἐδέξαντο·
826 3275 873 3336 καὶ
