2150 3500
155 129 189 178 ιι
461 121 645 172 Ἧνοιστοσ
927 117 968 184 [L

155 205 227 266 κατά
238 204 272 266 τό
285 203 361 264 ἀλλο
377 207 470 283 τεῖχος
485 202 654 279 περιενείκας
669 203 706 280 τῇ
723 198 759 278 ἦν
772 199 914 279 ἐπίμαχον
929 201 970 262 τὰ

155 293 258 374 χωρίον
271 291 322 368 τῆς
338 288 711 368 ἀκροπόλιος,.κατηλόγησε
728 288 837 357 τούτου,
853 286 890 350 ὥς
914 286 969 348 ἐόν
1057 299 1059 309 ²

157 379 268 460 ἄμαχόν
279 405 311 439 τε
326 379 373 440 καὶ
389 377 542 456 ἀπότομον·
562 377 624 436 ἔστι
639 376 669 435 δὲ
680 374 753 454 πρός
767 381 818 436 τοῦ
837 373 970 452 Τμώλου

156 467 344 544 τετραμμένον
355 470 406 542 τῆς
417 465 528 528 πόλιος.
568 463 586 524 ἀ
605 462 643 524 ὧν
660 463 695 538 δή
712 462 858 540 Ὑροιάδης
876 461 971 526 αὗπὸς

156 553 185 638 [ό
199 553 334 635 Μάρδος]
350 554 413 613 ἰδὼν
424 557 460 631 τῇ
473 551 625 630 προτεραίῃ
636 554 693 611 τῶν
704 551 767 611 τινσὶ
778 552 876 611 Λυδῶν
889 550 971 612 κατὰ

157 647 241 703 τοῦτο
252 646 303 718 τῆς
316 640 484 719 ἀκροπόλιος
497 639 659 716 καταβάντα
678 637 724 698 ἐπὶ
741 639 839 714 κυνέην
855 637 968 698 ἀνωθεν

158 731 420 800 κατακυλισθεῖσαν,
439 728 486 787 καὶ
508 726 685 804 ἀνελόμενον,
707 725 839 804 ἐφράσθη
860 726 908 784 καὶ
933 730 965 790 ἐς

159 817 247 894 θυμόν
260 816 391 892 ἐβάλετο.
411 815 475 876 τότε
491 815 571 891 δέδή
591 815 607 876 ό
626 812 709 878 αὐτός
722 839 755 874 τε
770 812 962 891 ἀναβεβήκεε,

160 906 207 977 καὶ
220 903 279 964 κατ’
292 903 376 964 αὐτόν
388 901 475 963 ἄλλοι
488 903 623 980 Περσέων
635 901 793 979 ἀνέβαινον·
813 901 967 979 προσβάν·

158 1017 213 1052 των
233 991 263 1050 δὲ
278 989 487 1071 συχνῶν,·οότοι
505 988 540 1067 δή
561 983 677 1068 Σάρδιές
696 1013 729 1050 τε
747 988 897 1067 ήλάκεσαν
913 989 966 1049 καὶ

160 1083 217 1138 πᾶν
229 1078 262 1138 τό
276 1078 349 1138 ἄστυ
362 1079 519 1155 ἐπορθέετο.

112 1170 151 1228 85
202 1165 272 1225 Κατ’
286 1164 369 1226 αὖτόν
382 1165 411 1226 δὲ
421 1169 550 1244 Κροῖσον
560 1165 627 1225 τάδε
639 1164 758 1246 ἐγένετο.
797 1163 834 1240 ἦν
845 1166 873 1224 οἱ
884 1166 964 1234 παῖς,

159 1257 210 1314 τοῦ
222 1253 269 1314 καὶ
280 1252 416 1332 πρότερον
429 1253 616 1331 ἐπεμνήσθην,
628 1252 666 1312 τά
679 1255 732 1330 μὲν
749 1249 827 1311 ἀλλα
840 1251 965 1328 ἐπιεικής

159 1341 270 1418 ἄφωνος
280 1342 319 1401 δέ.
355 1345 429 1421 ἐντῇ
442 1340 480 1401 ὧν
491 1339 675 1420 παρελθοόσ-ἠ
688 1338 824 1400 εὖεστοῖό
835 1343 965 1416 Κροῖσος

160 1429 193 1490 τό
206 1434 263 1490 πᾶν
276 1435 304 1492 ἐς
316 1429 401 1490 αὐτόν
414 1427 585 1504 ἐπεποιήκεε,
598 1427 676 1488 ἀλλα
694 1452 727 1487 τε
743 1426 965 1504 ἐπιφραζόμενος

162 1518 208 1576 καὶ
221 1517 255 1592 δή
269 1518 315 1575 καὶ
328 1522 356 1579 ἐς
367 1516 498 1591 Δελφοῧς
508 1515 575 1592 περὶ
587 1514 672 1575 αὐτοῦ
682 1514 843 1593 ἐπεπόμφεε
854 1538 965 1596 χρησο-

160 1605 269 1682 μένους·
289 1603 309 1679 ή
322 1605 351 1662 δὲ
365 1604 458 1679 Πυθίη
471 1605 498 1662 οἱ
511 1602 573 1662 εἶπε
583 1601 659 1662 τάδε·

209 1727 273 1777 Λυδὲ
288 1727 363 1788 γένος,
382 1726 481 1775 πολλῶν
497 1727 608 1792 βασιλεῦ,
626 1725 692 1788 μέγα
707 1725 778 1787 νήπιε
794 1725 892 1791 Κροῖσε,

209 1802 243 1859 μὴ
259 1802 348 1862 βούλευ
365 1801 510 1847 πολύευκτον
527 1801 565 1858 ἐην
582 1800 628 1847 όνδ
644 1799 733 1857 δώματ’
751 1801 844 1847 ἀκούειν

211 1873 296 1921 παιδός
312 1872 487 1932 φθεγγομένου.
521 1872 551 1919 τό
567 1872 594 1919 δέ
610 1888 649 1919 σοι
665 1872 729 1919 πολι)
745 1873 817 1919 λώϊον
832 1871 908 1933 όμφέε

211 1945 318 2003 ἔμμεναι·
337 1944 436 2002 αὐδήσει
450 1944 500 2005 γὰρ
516 1942 542 1991 ἐν
558 1942 634 2001 ήματι
651 1944 745 2009 πρῶτον
762 1944 864 2007 ἀνόλβῳ.

162 2043 351 2122 ἁλισκομένου
361 2043 395 2120 δή
404 2048 455 2104 τοῦ
466 2043 582 2123 τείχεος,
591 2042 636 2118 ήῖε
644 2042 701 2124 γάρ
710 2047 766 2104 τῶν
777 2069 819 2107 τις
829 2042 969 2119 Περσέων
1057 2117 1058 2122 ¹

162 2130 346 2214 ἀλλογνώσας
366 2134 494 2209 Κροῖσον
515 2130 553 2195 οἷς
570 2129 749 2202 ἀποκτενέων,
767 2134 894 2207 Κροῖσος
909 2131 964 2207 μέν

162 2246 211 2297 μιν
233 2220 318 2297 ἀρέων
340 2219 454 2279 ἐπιόντα
474 2218 530 2279 ὖπά
553 2222 605 2295 τῆς
628 2217 787 2295 παρεούσης
812 2222 964 2295 συμφορῆς

162 2307 365 2385 παρημελήκεε,
377 2306 441 2367 οὐδέ
448 2333 477 2367 τι
487 2310 514 2367 οἱ
524 2306 633 2384 διέφερε
643 2306 780 2387 πληγέντι
790 2304 963 2365 ἀποθανέειν·

163 2394 179 2455 ό
192 2396 222 2453 δὲ
234 2399 299 2457 ταῖς
312 2393 392 2458 οὗτος
404 2394 421 2455 ό
433 2394 545 2471 ἄφωνος
560 2393 596 2457 ὥς
616 2393 671 2453 εἶδε
689 2392 802 2453 ἐπιόντα
818 2392 869 2453 τόν
889 2392 964 2469 Πέρ-

163 2507 226 2557 σην,
239 2480 294 2541 ἀπό
308 2482 384 2545 δέους
396 2506 427 2541 τε
440 2482 486 2541 καὶ
505 2484 591 2540 κακοῦ
609 2480 706 2558 ἔρρηξε
726 2480 830 2557 φωνήν,
845 2480 906 2541 εἷπε
922 2479 965 2539 δέ·

163 2567 320 2646 ’(ἀνθρωπε,
331 2568 371 2645 μή
385 2570 472 2629 κτεῖνε
482 2567 635 2646 Κροῖσον.”
676 2565 820 2645 οὗτσςμέν
833 2566 964 2643 δήτοῦτο

164 2660 275 2735 πρῶτον
295 2656 460 2737 ἐφθέγξατο·
481 2655 553 2734 μετά
569 2656 600 2716 δὲ
617 2648 701 2717 τόῦτο
718 2654 772 2732 ήδη
793 2654 895 2732 ἐφοίνεε
913 2656 964 2716 τόν

118 2742 156 2800 86
164 2743 256 2805 πάντα
274 2744 376 2825 χρόνον
394 2748 445 2821 τῆς
465 2744 539 2820 ζόης.
582 2746 619 2804 Οἱ
637 2745 666 2804 δὲ
686 2745 798 2821 Πέρσαι
815 2742 866 2807 τάς
880 2768 912 2803 τε
928 2742 966 2820 δή

165 2831 267 2910 Σάρδις
278 2834 373 2912 ἔσχον,
384 2834 431 2892 καὶ
439 2831 523 2893 αὐτόν
532 2836 660 2908 Κροῖσον
670 2830 830 2911 ἐζώγρησαν
842 2829 966 2908 ἄρξαντα

142 2991 143 2995 ¹
165 2921 227 2981 ἔτεα
251 2921 503 2998 τεσσερεσκαιδεκα
523 2921 570 2979 καὶ
588 2918 840 2995 τεσσερεσκαίδεκα
858 2918 967 2996 ἡμέρας

164 3008 393 3085 πολιορκηθέντα,
401 3007 472 3069 κατά
481 3008 515 3068 τό
523 3005 736 3087 χρηστήριόντε
746 3004 966 3073 καταπαύσαντα

164 3094 216 3171 τήν
236 3100 336 3156 ἑαυτοῦ
355 3094 483 3177 μεγάλην
503 3094 603 3172 ἀρχήν·
624 3091 764 3168 λαβόντες
783 3094 813 3151 δέ
833 3091 918 3153 αι’ντάν
938 3096 968 3153 οέ

163 3180 277 3258 Πέρσαι
288 3180 396 3263 ήγαγσν
413 3181 490 3257 παραὶ
509 3184 614 3257 Κῦρον·
635 3178 652 3239 ό
668 3180 699 3237 δὲ
714 3178 857 3254 συννήσας
873 3177 968 3257 πυρήν,

163 3267 299 3349 μεγάλην,
319 3268 478 3345 ἀνεβίβασε
499 3264 541 3325 ἐπ’
561 3264 648 3342 αὐτήν
666 3263 717 3325 τόν
736 3265 865 3343 Κροῖσόν
883 3290 916 3327 τε
935 3269 968 3328 ἐιτ
