2150 3500
93 101 213 169 νιο-ου]
398 99 625 152 mmmmm.
856 107 903 155 303

102 175 181 246 θίους
197 179 285 244 πόδας
303 180 412 258 ἔστηκε·
433 181 494 241 ἀδέ
507 181 587 253 θύων,
602 181 704 244 ὄπισθε
721 188 772 244 τοῦ
794 182 907 261 κτήνεος

102 269 212 340 ἑστεῦς,
240 268 356 334 σπάσας
385 268 437 346 τὴν
466 268 556 349 ἀρχὴν
585 275 637 332 τοῦ
668 271 796 349 στρόφου
824 297 906 332 κατα-

101 357 212 434 βάλλει
231 384 290 435 μιν·
310 359 460 422 πίπτοντος
478 358 508 416 δὲ
522 362 573 418 τοῦ
593 359 690 436 ἱρηίου,
706 361 845 419 ἐπικαλέει
856 361 907 420 τόν

103 445 168 507 θεόν
186 450 225 524 τῷ
242 445 277 505 ἀν
293 445 356 525 θύη·
384 447 430 505 καὶ
447 447 542 506 ἔπειτα
561 446 661 526 βρόχῳ
679 447 743 523 περὶ
762 446 798 507 ὧν
817 449 906 524 ἔβαλε

100 533 152 594 τόν
174 533 287 612 αύχένα·
322 534 478 594 σκυταλίδα
501 535 531 594 δέ
553 534 688 611 ἐμβαλῶν
710 533 836 616 περιάγει
858 537 905 595 καὶ

101 620 260 703 ἀποπνίγει,
274 620 337 682 οὔτε
352 626 408 698 πῦρ
428 620 596 692 ἀνακαύσας,
610 621 674 682 ούτε
693 623 904 700 καταρξάμενος,

102 706 170 769 οὔθ’
183 710 359 773 ἐπισπείσας·
380 709 535 779 ἀποπνίξας
553 710 583 769 δὲ
607 710 654 770 καὶ
674 709 822 788 ἀποδείρας
840 712 905 789 τρά-

100 822 185 857 πεται
197 796 267 875 πρδς
287 798 398 876 ἕψησιν·
419 801 476 873 Τῆς
492 797 522 858 δὲ
533 800 588 878 γῆς
601 802 652 874 τῆς
670 799 809 874 Σκυθικῆς
823 802 905 863 αἰνῶς
914 802 949 860 61

101 883 209 953 ἀξύλου
229 883 338 961 ἐούσης,
359 883 412 944 ὧδέ
431 891 488 961 σφι
506 889 535 948 ἐς
555 885 607 961 τήν
627 886 728 963 ἐψησιν
743 890 799 947 τῶν
820 891 906 965 κρειῦν

101 971 255 1049 ἐξεύρηται·
276 971 361 1032 ἐπεάν
376 970 547 1050 ἀποδείρωσι
565 972 602 1032 τά
623 973 705 1050 ἱρήῖα,
718 979 856 1057 γυμνοῦσι
869 975 905 1036 τοὶ

100 1057 190 1120 όστέα
208 1063 264 1120 τιῦν
285 1063 380 1138 κρεῶν·
405 1060 500 1122 ἔπειτα
521 1059 713 1137 ἐσβάλλουσι,
732 1061 767 1138 ἢν
786 1065 839 1139 μὲν
858 1065 904 1123 τύ-

99 1172 177 1226 χωσι
198 1149 307 1228 ἔχοντες
322 1149 448 1225 λέβητας
465 1149 636 1229 ἐπιχωρίους,
656 1141 784 1227 μάλιστα
804 1152 910 1228 Λεσβί·

100 1259 162 1295 οισι
188 1239 325 1314 κρητῆρσι
351 1236 552 1314 προσεικέλους
578 1237 662 1316 χωρὶς
689 1235 707 1312 ἢ
734 1236 778 1297 ὅτι
803 1242 904 1318 πολλῷ

98 1323 226 1400 μέζονας,
237 1329 266 1387 ἐς
277 1324 392 1386 τούτους
402 1324 605 1401 ἐσβάλλοντες,
617 1326 717 1404 ἕψουσι
726 1324 906 1390 ύποκαίοντες

99 1409 138 1470 τά
150 1409 238 1472 ὀστέα
250 1415 306 1472 τῶν
325 1411 428 1488 ἱρηίων·
449 1410 484 1488 ἢν
500 1413 531 1472 δέ
546 1411 587 1490 μή
601 1419 658 1489 σφι
675 1417 753 1492 παρῇ
766 1414 863 1490 λέβης,
878 1417 905 1474 οἱ

100 1497 133 1557 δὲ
145 1503 173 1562 ἐς
184 1497 235 1563 τοὶς
246 1500 388 1578 γαστέρας
399 1504 455 1561 τῶν
469 1501 563 1577 ἱρηίων
582 1500 776 1577 ἐσβάλλοντες
787 1500 824 1559 τοὶ
839 1503 905 1578 κρέα

100 1585 195 1648 πάντα
209 1587 256 1645 καὶ
268 1587 474 1664 παραμίξαντες
487 1587 568 1666 ὕδωρ,
578 1588 746 1648 ὑποκαίουσι
758 1587 795 1647 τά
808 1586 904 1648 όστέα·

100 1673 139 1735 τά
160 1675 190 1734 δὲ
210 1675 318 1735 αἴθεται
338 1673 492 1735 κάλλιστα·
512 1679 543 1737 αἱ
564 1676 593 1736 δὲ
610 1678 747 1760 γαστέρες
766 1678 905 1756 χωρέουσι

101 1763 236 1828 εύπετέως
251 1763 287 1824 τά
302 1763 370 1841 κρέα
388 1765 547 1843 ἐψιλωμένα
562 1768 618 1825 τῶν
636 1766 750 1826 ὀστέων·
772 1766 818 1824 καὶ
835 1764 905 1826 οὕτω

100 1853 175 1928 βοῦς
199 1877 232 1913 τε
251 1851 352 1912 ἑωυτόν
378 1852 477 1930 ἐξέψει,
498 1853 545 1911 καὶ
564 1852 600 1912 τοὶ
626 1852 705 1912 ἅλλα
726 1852 801 1929 ἶρήῖα
822 1853 905 1913 ἑωυτδ

102 1941 231 2001 ἑκαστον·
267 1937 351 2000 ἐπεάν
377 1939 408 2000 δέ
435 1941 525 2019 ἑψηθῇ
551 1938 588 1999 τά
608 1943 684 2017 κρέα,
705 1939 722 1999 ό
743 1939 832 2004 θύσας
850 1946 906 2001 τῶν

101 2032 190 2105 κρεῶν
203 2029 250 2087 καὶ
261 2030 317 2088 τῶν
333 2026 507 2108 σπλάγχνων
520 2026 715 2103 ἀπαρξάμενος
727 2027 818 2104 ῥίπτει
832 2033 860 2090 ἐς
872 2029 905 2087 τδ

102 2116 285 2196 ἐμπροσθεν.·
313 2113 415 2176 θύουσι
434 2114 465 2174 δέ
484 2114 530 2173 καὶ
549 2114 585 2175 τοὶ
609 2113 686 2174 ἄλλα
706 2112 840 2191 πρόβατα
861 2116 907 2175 καὶ

103 2205 206 2267 ἵππους
217 2203 356 2281 μάλιστα.

143 2295 227 2352 Τοῖσι
239 2293 292 2369 μὲν
305 2292 339 2368 δὴ
358 2290 476 2353 ἄλλοισι
492 2295 548 2353 τῶν
569 2293 639 2353 θεῶν
652 2291 724 2353 οὕτω
744 2290 844 2352 θύουσι
861 2293 906 2351 καὶ
916 2294 953 2353 62

101 2383 193 2440 ταῦτα
204 2383 261 2441 τῶν
270 2379 398 2456 κτηνέων,
408 2385 447 2459 τῷ
460 2380 489 2440 δέ
503 2378 631 2457 δηἊρηϊ
646 2378 707 2440 ὦδε·
725 2380 796 2439 κατά
805 2379 907 2458 νομούς

103 2466 252 2529 ἑκάστοισι
271 2471 327 2527 τῶν
346 2464 469 2547 ἀρχηίων
489 2467 633 2545 ἐσίδρυταί
650 2474 707 2545 σφι
721 2466 827 2544 Ἀρηος
847 2468 907 2546 ἶρδν

103 2553 221 2616 τοιάνδε·
242 2554 392 2637 φρυγάνων
408 2554 529 2631 φάκελοι
546 2550 725 2616 συννενέαται
738 2555 808 2616 ὅσον
822 2555 846 2615 τ’
860 2557 906 2615 ἐπὶ

102 2642 235 2707 σταδίους
254 2646 329 2721 τρεῖς
347 2645 437 2720 μῆκος
456 2643 504 2701 καὶ
523 2641 610 2718 εὖρος,
628 2641 699 2720 ύψος
718 2642 748 2701 δὲ
770 2645 904 2704 ἔλασσον·

103 2729 160 2791 ἀνω
179 2731 210 2791 δέ
228 2730 338 2802 τούτου,
358 2727 530 2810 τετράγωνον
550 2727 652 2788 ἄπεδον
674 2729 833 2805 πεποίηται·
861 2732 907 2788 καὶ

102 2817 139 2878 τά
152 2820 204 2895 μὲν
216 2819 281 2897 τρία
293 2822 349 2878 τῶν
362 2816 459 2878 κοίλων
472 2816 534 2877 ἐστὶ
548 2814 686 2892 ἀπότομα,
696 2816 766 2874 κατά
779 2818 809 2875 δὲ
822 2817 854 2878 τδ
869 2818 906 2888 ἐν,

104 2905 252 2982 ἐπιβατόν·
272 2906 346 2968 ἔτεος
363 2904 393 2963 δὲ
406 2904 526 2965 ἑκάστου
546 2901 655 2981 ἀμάξας
674 2903 847 2977 πεντήκοντα
860 2905 907 2963 καὶ

104 2991 203 3050 ἑκατόν
217 2992 358 3051 ἐπινέουσι
370 2991 528 3072 φρυγάνων·
548 2991 714 3050 ῦπονοστέει
730 2990 785 3071 γάρ
806 2991 840 3067 δὴ
854 2993 908 3051 αἰεὶ

103 3077 161 3137 ύπδ
174 3081 230 3138 τῶν
242 3076 394 3158 χειμώνων.
433 3079 479 3137 ἐπὶ
491 3078 591 3137 τούτου
606 3077 639 3153 δὴ
652 3081 702 3137 τοῦ
716 3076 801 3158 ὄγκου
815 3078 906 3138 ἀκινά-

105 3190 156 3241 κης
177 3164 306 3241 σιδήρεος
328 3164 433 3240 ἵδρυται
452 3164 569 3242 ἀρχαῖος
593 3165 747 3236 ἑκάστοισι,
766 3166 812 3225 καὶ
832 3165 907 3226 τοῦτ’

105 3252 168 3313 ἐστι
187 3255 238 3311 τοῦ
253 3248 358 3329 Ἀρηος
374 3250 407 3310 τό
428 3250 555 3332 ἄγαλμα·
576 3251 664 3331 τούτῳ
679 3251 710 3311 δέ
728 3256 767 3331 τῷ
784 3250 907 3313 ἀκινάκεῖ
