2150 3500
178 107 228 155 ιιι
483 102 668 153 «Ηνοιουοτ
931 97 984 163 [11.

178 184 387 263 καταχθόμενον
398 186 437 263 τῷ
449 182 529 264 ἔργῳ·
555 181 606 243 τόν
624 182 654 240 δὲ
668 179 795 257 Ἀμασιν
813 180 988 256 ε’νθυμιστδν

177 270 370 348 ποιησάμενον
383 269 433 330 ούκ
446 274 495 330 ε’ἃν
508 271 549 330 ἔτι
561 269 729 346 προσοντέρω
743 267 872 327 ἑλκύσαι·
889 266 947 343 ἤδη
956 267 989 326 δέ

177 384 249 422 τινες
261 359 388 439 λέγουσι,
403 357 438 422 ὥς
451 356 596 434 ἅνθρωπος
613 356 752 432 διεφθάρη
769 354 816 415 ὐπ’
829 354 920 431 αι’ντῆς
931 360 987 415 τῶν

177 473 220 511 τις
240 445 328 522 ούτήν
346 444 549 523 μοχλευόντων,
564 444 611 503 καὶ
630 442 688 504 duo*
708 442 808 504 τούτου
829 442 882 502 ούκ
904 446 986 503 ἔσά-

132 536 190 615 1⁷.ss
200 536 346 610 κυσθῆναι.
382 532 514 608 Ἀνέθηκε
528 532 558 591 δὲ
571 531 618 590 καί
631 536 661 591 ἐν
673 535 749 591 τοῖσι
762 530 883 590 ἄλλοισι
896 534 987 608 ἱροῖσι

178 622 329 700 άἈμασις
345 625 419 681 πᾶσι
435 625 512 681 τοῖσι
530 619 712 699 ἐλλογίμοισι
727 619 795 699 ἔργα
811 617 845 678 τό
860 618 986 697 μέγαθος

178 709 335 785 ἀξιοθέητα,
350 714 380 769 έν
398 708 428 768 δὲ
447 709 492 767 καὶ
508 712 539 767 έν
556 707 661 784 Μέμφι
673 706 723 766 τόν
740 706 840 766 ὕπτιον
858 707 987 783 κείμενον

179 797 333 867 κολοσσόν,
359 801 410 857 τοῦ
431 795 620 872 Ἡφαιστείου
640 795 792 872 ἔμπροσθε·
825 798 878 854 τοῦ
901 794 988 857 πόδες

178 885 261 946 πέντε
282 886 328 945 καὶ
349 883 543 961 ἑβδομήκοντά
564 887 620 943 εἰσι
638 882 673 942 τό
692 886 791 958 μῆκος·
826 882 875 941 ε’πί
895 881 929 940 δὲ
948 886 988 941 τεῦ

180 971 254 1051 αὐτῷ
273 972 372 1052 βάθρῳ
392 975 503 1041 έστᾶσι,
524 972 690 1031 Αἰθιοπικοῦ
710 970 801 1034 ἰόντες
820 970 914 1040 λίθου,
937 969 987 1029 δύο

180 1061 328 1131 κολοσσοὶ,
347 1060 450 1119 ἐείκοσι
466 1058 559 1118 ποδῶν
579 1057 612 1118 τδ
632 1057 756 1139 μέγαθος
774 1057 825 1117 εἰῦν
846 1056 985 1134 ἑκάτερος,
1056 1121 1057 1136 ³

180 1146 196 1207 ό
209 1151 261 1225 μὲν
274 1148 351 1208 ἔνθεν
364 1147 380 1207 ὁ
395 1146 419 1206 δ’
432 1147 508 1206 ἔνθεν
521 1150 572 1205 τοῦ
584 1144 720 1226 μεγάλου.
758 1145 820 1204 ἔστι
833 1144 865 1203 δὲ
877 1146 987 1209 λίθινος

180 1236 272 1314 ἔτερος
283 1239 419 1299 τοσοῦτος
433 1234 478 1293 καὶ
491 1238 521 1294 έν
534 1231 596 1302 Σάῖ,
615 1232 739 1310 κείμενος
751 1232 822 1292 κατά
834 1232 888 1293 τόν
900 1231 989 1293 αὐτόν

179 1324 286 1401 τρόπον
297 1328 336 1404 τῷ
348 1328 378 1383 έν
390 1323 503 1399 Μέμφι.
543 1323 581 1398 τῇ
588 1319 649 1379 Ἴσι
660 1346 692 1380 τε
709 1318 743 1380 τό
759 1324 789 1379 ἔν
801 1320 910 1397 Μέμφι
926 1320 989 1398 ἱρόν

175 1410 301 1489 Ἀμασίς
326 1416 388 1471 ἐστι
411 1408 428 1470 ό
452 1408 679 1485 ἐξοικοδομήσας,
706 1407 752 1468 ε’όν
777 1409 853 1488 μέγα
878 1432 912 1468 τε
940 1411 989 1468 καὶ
1041 1437 1043 1440 ·

180 1498 420 1575 ἀξιοθεητότατον.
565 1565 569 1573 ,

134 1586 191 1648 177
220 1585 282 1645 Ἐπ’
292 1585 431 1662 Ἀμάσιος
441 1584 470 1644 δὲ
477 1583 618 1661 βασιλέος
627 1583 739 1665 λέγεται
747 1583 891 1664 Αἴγυπτος
900 1582 988 1660 μόλε·

182 1699 238 1735 στα
252 1674 286 1750 δὴ
300 1672 364 1734 τότε
381 1672 589 1751 εὐδαιμονῆσαι,
603 1674 649 1731 καὶ
661 1672 698 1732 τά
713 1671 770 1732 άπό
785 1675 836 1731 τοῦ
854 1677 989 1751 ποταμοῦ

180 1766 217 1842 τῇ
230 1763 307 1842 χάρη
316 1760 449 1843 γινόμενα
460 1763 506 1820 καὶ
515 1762 552 1821 τοὶ
562 1761 619 1821 α’πό
628 1765 679 1837 τῆς
691 1760 783 1840 χάρης
792 1764 871 1822 τοῖσι
881 1760 988 1838 άνθροί-

181 1875 272 1910 ποισι·
293 1851 340 1909 καί
354 1850 438 1914 πόλις
453 1855 483 1910 έν
497 1849 569 1929 αὐτῇ
581 1850 714 1931 γενέσθαι
725 1849 776 1912 τὰς
788 1849 905 1913 άπάσας
922 1850 990 1910 τότε

182 1938 330 2016 δισμυρίας
354 1938 404 2002 τάς
426 1938 593 2015 οἰκεομένας.
635 1936 722 2015 νόμον
744 1937 774 1997 δὲ
800 1938 989 2018 Αἰγυπτίοισι
1055 1982 1056 2005 ,

180 2026 261 2088 τόνδε
280 2027 405 2105 Ἀμασίς
432 2032 494 2088 ε’στι
520 2025 536 2086 ό
564 2025 756 2101 κατασπφσας·
790 2024 990 2087 ἀποδεικνύναι
1055 2086 1056 2103 ,

183 2117 256 2180 ἔτεος
279 2116 399 2178 ἓκάστου
418 2120 457 2196 τῷ
477 2114 606 2194 νομάρχῃ
628 2114 721 2174 πάντα
742 2113 804 2174 τινά
825 2116 990 2195 Αἰγυπτίων
1055 2186 1056 2189 ¹

183 2203 247 2265 ὅθεν
264 2206 388 2281 βιοῦται·
414 2204 455 2281 μὴ
474 2202 504 2263 δὲ
522 2208 654 2262 ποιεῦντα
669 2206 764 2273 ταῦτα,
777 2202 848 2279 μηδὲ
861 2202 989 2279 ἀποφαί-

183 2317 266 2352 νοντα
278 2292 386 2370 δικαίην
399 2291 474 2368 ζόην,
488 2289 633 2351 ἰθύνεσθαι
651 2289 770 2369 θανάτῳ.
812 2289 914 2355 Σόλων
928 2292 989 2352 δέό

182 2377 330 2453 Ἀθηναῖος
356 2378 456 2455 λαβοίν
482 2379 513 2448 ἐξ
532 2377 676 2459 Αἰγύπτου
696 2381 796 2439 τοῦτον
821 2377 873 2438 τόν
899 2379 990 2456 νόμον

175 2464 351 2541 Ἀθηναίοισι
364 2467 451 2526 ἔθετο·
470 2469 510 2544 τῷ
523 2471 622 2526 ἐκεῖνοι
639 2471 667 2530 ές
682 2465 736 2525 αἰεὶ
753 2466 898 2545 χρέωνται,
913 2467 986 2527 ε’όντι

138 2551 195 2614 178
204 2549 308 2631 άμάμιρ
321 2552 407 2631 νόμῳ.
446 2553 593 2629 Φιλέλλην
609 2553 640 2612 δὲ
655 2552 804 2635 γενόμενος
819 2553 836 2613 ὁ
849 2552 987 2631 Ἄμασις,

184 2637 261 2698 ἄλλα
272 2665 304 2699 τε
318 2645 345 2705 ἔς
356 2639 501 2716 Ἑλλήνων
512 2640 705 2719 μετεξετέρους
723 2641 876 2711 ἀπεδέξατο
891 2643 940 2701 καί
953 2641 987 2717 δὴ

185 2728 232 2787 καὶ
248 2731 326 2787 τοῖσι
345 2727 570 2806 ἀπικνευμένοισι
592 2735 620 2792 ἐς
640 2730 783 2808 Αἴγυπτον
804 2729 888 2787 ἔδωκε
908 2728 987 2788 Ναύ-

184 2841 280 2894 κρατιν
299 2815 385 2877 πόλιν
404 2820 557 2892 ἐνοικῆσαι·
577 2819 655 2876 τοῖσι
672 2816 703 2875 δέ
722 2816 763 2892 μὴ
780 2816 986 2892 βουλομένοισι

185 2901 275 2963 αὐτῶν
308 2904 414 2975 οἰκέειν,
441 2902 526 2963 αύτοῦ
560 2903 591 2963 δὲ
623 2904 876 2979 ναυτιλλομένοισι,
905 2904 987 2963 ἔδωκε
1054 2898 1055 2901 ¹

183 2989 291 3068 χώρους
317 2990 515 3069 ἐνιδρύσασθαι
534 2990 649 3067 βωμούς
675 2991 722 3048 καὶ
747 2991 862 3067 τεμένεα
883 2992 985 3051 θεοῖσι.

183 3076 218 3136 τό
240 3078 293 3152 μέν
315 3103 362 3137 νυν
382 3079 518 3157 μέγιστον
542 3075 633 3135 αὐτῶν
652 3078 773 3152 τέμενος,
798 3078 845 3136 καί
867 3076 985 3154 ούνομα-

184 3163 322 3223 στάτατον
348 3163 395 3225 ε’δν
429 3163 474 3222 καὶ
506 3161 730 3240 χρησιμώτατον,
758 3163 930 3241 καλεύμενον
958 3166 986 3224 δὲ

183 3245 342 3324 Ἑλλήνιον,
369 3249 429 3308 αίδε
459 3246 544 3310 πόλις
575 3248 632 3307 εἰσί
662 3252 692 3309 αἱ
724 3250 865 3328 ἱδρυμέναι
896 3256 984 3330 κοινῇ·
