2150 3500
117 125 229 193 73-76]
408 124 635 184 υυιαουυυω.
824 107 827 112 “
874 128 921 176 ιω

115 206 233 283 σκάφην
242 206 370 284 κειμένην
380 210 409 266 ἓν
418 206 497 284 μέσῳ
504 208 560 265 τῶν
570 203 659 275 ξύλων
666 231 697 266 τε
706 204 814 266 καὶτῶν
821 206 922 267 πίλων·

112 293 199 354 Ἐστι
218 294 250 352 δέ
268 300 325 370 σφι
345 292 480 368 κάνναβις
500 293 627 369 φυομένη
648 297 677 352 ἓν
694 296 730 372 τῇ
748 292 827 372 χάρη
845 293 923 370 πλήν
932 295 970 357 74

116 381 278 462 παχύτητος
290 381 335 439 καὶ
344 379 482 461 μεγάθεος
492 384 531 458 τῷ
541 380 609 458 λίνιρ
618 379 822 457 ἐμφερεστάτη·
836 381 923 462 ταύτῃ

117 469 149 529 δὲ
160 471 260 547 πολλῷ
273 466 424 544 ῦπερφέρει
437 467 456 543 ή
470 465 613 543 κάνναβις·
628 466 700 544 αῦτη
713 468 759 526 καὶ
778 466 922 548 αὐτομάτη

117 557 165 617 καὶ
185 556 356 634 σπειρομένη
378 554 488 631 φύεται·
509 556 557 614 καὶ
577 554 609 624 ἐξ
627 553 713 630 αὐτῆς
734 554 851 632 Θρήϊκες
870 558 924 636 μὲν

117 643 165 704 καὶ
178 644 278 720 εἵματα
293 647 436 703 ποιεῦνται
447 645 526 703 τοῖσι
544 643 663 701 λινέοισι
679 640 842 718 ὁμοιότατα·
865 643 921 704 οὐδ’

117 729 153 791 ἂν
171 731 250 794 ὅστις
261 730 303 807 μή
320 729 409 808 κάρτα
420 730 527 806 τρίβων
541 731 582 805 εἴη
595 729 680 805 αὐτῆς
694 729 828 812 διαγνοίη,
843 731 922 792 λίνου

116 817 137 896 ἢ
157 817 309 896 καννάβιός
329 823 401 878 ε’στι·
421 816 453 881 ὂς
470 817 557 894 δὲμὴ
574 816 630 876 εἶδέ
642 842 679 875 κω
692 817 744 893 τήν
759 819 922 894 κανναβίδα,

117 908 212 966 λίνεον
220 905 336 982 δοκήσει
346 906 416 966 εἶναι
423 904 456 966 τδ
467 905 541 982 εἷμα·
555 903 663 980 Ταύτης
674 902 710 964 ὧν
721 909 748 964 οἱ
759 905 864 970 Σκύθαι
873 912 924 983 τῆς
932 907 969 970 75

119 993 271 1071 καννάβιος
283 994 317 1055 τῦ
330 995 446 1070 σπέρμα
459 993 543 1053 ἔπεοὶν
556 992 680 1068 λάβωσι,
688 991 857 1055 ὑποδύνουσι
866 994 922 1056 ῦπδ

117 1081 185 1146 τοῦς
197 1083 308 1152 πίλους,
322 1081 369 1141 καὶ
382 1082 477 1142 ἔπειτα
495 1080 689 1157 ἐπιβάλλουσι
702 1079 735 1140 τδ
749 1082 864 1159 σπέρμα
878 1084 923 1144 ἐπὶ

117 1169 184 1234 τοῦς
197 1169 348 1246 διαφανέας
360 1169 457 1232 λίθους
469 1171 508 1249 τῷ
520 1168 597 1244 πυρί·
617 1166 650 1228 τδ
667 1167 697 1226 δὲ
715 1167 847 1245 θυμιῆται
867 1175 923 1231 ἔπι-

117 1253 308 1334 βαλλόμενον,
329 1257 375 1316 καὶ
390 1255 494 1334 άτμιδα
510 1256 662 1336 παρέχεται
680 1256 829 1331 τοσαύτην,
849 1256 921 1318 ὥστε

116 1345 274 1420 Ἑλληνική
287 1343 402 1422 ούδεμία
413 1342 448 1405 άν
459 1368 509 1421 μιν
521 1345 607 1423 πυρίη
621 1342 837 1422 ἀποκρατήσειε·
852 1348 879 1404 οἱ
892 1345 922 1406 δὲ

119 1433 226 1497 Σκύθαι
249 1431 384 1514 ἀγάμενοι
405 1434 443 1510 τῇ
463 1431 549 1510 πυρίῃ
575 1430 718 1509 ὠρύονται.
758 1431 843 1491 τοῦτο’
868 1438 924 1509 σφι

118 1518 181 1581 άνπὶ
194 1523 315 1596 λουτροῦ
329 1519 401 1579 ε’στί·
415 1517 448 1578 ού
460 1519 516 1600 γάρ
530 1519 564 1594 δή
578 1522 693 1580 λοῦνται
702 1518 781 1579 ῦδατι
790 1518 823 1580 τά
834 1519 922 1597 παρά-

117 1632 176 1667 παν
184 1607 216 1668 τδ
225 1611 318 1684 σῶμα·
329 1610 359 1666 αἱ
366 1607 397 1666 δὲ
404 1610 531 1687 γυναῖκες
539 1605 711 1684 αύτῶν,ὕδωρ
719 1607 921 1686 παραχέουσαι,

121 1695 323 1776 κατασύχουσι
332 1695 400 1773 περὶ
410 1695 493 1757 λίθον
505 1693 612 1775 τρηχύν
624 1698 674 1771 τῆς
684 1695 869 1774 κυπαρίσσου,
878 1694 925 1756 καὶ

120 1783 226 1861 κέδρου,
243 1785 290 1843 καὶ
311 1782 434 1861 λιβάνου
455 1783 551 1854 ξύλου·
573 1782 620 1843 καὶ
637 1785 730 1863 ἔπειτα
748 1783 781 1844 τῦ
800 1808 924 1844 κατασω-

118 1872 241 1951 χύμενον
258 1875 350 1947 τοῦτο,
366 1869 443 1950 παχύ
464 1870 519 1942 ε’δν,
540 1868 792 1932 καταπλάσσονται
810 1876 867 1933 πᾶν
886 1871 920 1933 τδ

120 1964 205 2037 σῶμα
221 1961 268 2020 καὶ
284 1959 317 2020 τδ
335 1959 497 2036 πρόσωπον·
518 1958 565 2018 καὶ
581 1957 640 2035 ἅμα
651 1961 704 2034 μὲν
718 1958 814 2035 εὐωδίη
829 1960 921 2035 σφέας

120 2047 176 2108 άπδ
197 2048 297 2108 τούτου
317 2048 401 2127 ἴσχει,
424 2044 483 2123 ἅμα
504 2045 535 2105 δὲ
552 2044 736 2122 ἀπαιρέουσαι
753 2050 789 2123 τῇ
809 2046 920 2124 δευτέρη

119 2134 211 2215 ἡμέρη
225 2136 278 2212 τήν
294 2133 497 2195 καταπλαστῦν
513 2132 640 2213 γίνονται
657 2131 777 2210 καθαραὶ
793 2133 840 2192 καὶ
852 2136 924 2210 λαμ-

119 2224 198 2300 πραί.
309 2292 312 2297 ¹
463 2244 466 2297 j

140 2312 314 2374 ’Ξεινικοῖσι
330 2308 361 2370 δὲ
377 2308 520 2385 νομαίοισι
537 2306 584 2367 καὶ
602 2304 679 2369 οῦτοι
697 2308 778 2370 αἷνῦς
794 2307 969 2385 χρῦσθαιῗῦ

120 2398 267 2479 φεύγουσι,
280 2396 349 2475 μήτι
360 2422 395 2478 γε
408 2395 445 2456 ὧν
458 2394 601 2471 ἀλλήλων,
615 2394 812 2471 Ἑλληνικοῖσι
830 2394 860 2453 δὲ
876 2397 922 2455 καὶ

119 2485 231 2561 ἥκιστα,
245 2483 281 2549 ῦς
294 2484 416 2553 διέδεξαν
427 2483 601 2563 Ἀνάχαρσίς
613 2508 645 2545 τε
658 2482 705 2543 καὶ
721 2481 834 2561 δεύτερα
849 2482 925 2548 αῦτις

121 2573 241 2649 Σκύλης.
281 2575 365 2633 τοῦτο
387 2574 439 2649 μὲν
458 2570 515 2651 γάρ
536 2570 716 2653 Ἀνάχαρσις,
739 2573 802 2632 ε’πεί
820 2596 851 2632 τε
870 2576 926 2654 γῆν

120 2660 234 2735 πολλήν
241 2659 386 2736 θεωρήσας
394 2659 439 2718 καὶ
447 2657 652 2735 ἀποδεξάμενος
659 2658 808 2736 κατάύτήν
816 2659 924 2736 σοφίην

119 2747 234 2824 πολλήν
256 2747 398 2825 ἐκομίζετο
418 2750 446 2811 ές
465 2743 536 2822 ήθεα
555 2745 591 2807 τοὶ
616 2746 750 2819 Σκυθέων,
772 2746 865 2807 πλέων
889 2746 924 2806 δι’

119 2834 337 2911 Ἑλλησπόντου
353 2834 508 2914 προσίσχει
526 2838 554 2897 ές
570 2832 698 2907 Κύζικον,
714 2833 768 2904 καὶ,
788 2832 850 2912 εῦρε
867 2834 923 2912 γάρ

119 2926 157 3003 τῇ
167 2923 262 2999 Μητρὶ
270 2927 326 2983 τῦν
336 2922 405 2981 θεῶν
416 2921 570 3004 α’νάγοντας
579 2919 644 2984 τοῦς
654 2920 824 2995 Κυζικηνούς
837 2920 923 2997 ὁρτήν

121 3010 211 3088 κάρτα
221 3010 465 3091 μεγαλοπρεπέως,
480 3007 578 3078 εὔξατο
593 3011 629 3086 τῇ
645 3007 741 3084 Μητρὶ
756 3006 772 3066 ὁ
788 3006 924 3088 Ἀνάχαρ-

121 3122 176 3166 σις,
188 3096 223 3173 ἦν
236 3102 294 3159 σῶς
307 3097 353 3155 καὶ
366 3096 446 3176 ῦγιής
458 3094 644 3174 ἀπονοστήσῃ
659 3100 686 3159 ές
703 3098 811 3171 ἑωυτοῦ,
827 3095 924 3156 θύσειν

331 3184 338 3204 ἱ
414 3184 423 3205 λ
463 3184 471 3206 λ
495 3183 508 3206 Q
598 3184 605 3204 ἱ

120 3210 153 3244 τε
166 3184 237 3244 κατά
252 3184 340 3243 ταῦτα
353 3210 424 3243 κατα
437 3209 479 3243 ται
491 3210 544 3261 ορα
557 3209 621 3248 τους
634 3182 804 3259 Κυζικηνούς
817 3188 924 3244 ποιεῦν-

120 3296 172 3333 τας
192 3270 238 3329 καὶ
256 3270 412 3349 παννυχίδα
432 3270 560 3347 στήσειν·
587 3270 624 3334 ὥς
640 3271 671 3332 δὲ
689 3270 804 3331 α’πίκετο
824 3276 852 3335 ἐς
872 3269 924 3347 τήν
