2150 3500
81 130 222 196 ιιι-ιω]
412 132 546 200 omn.
831 134 882 189 ιιι

80 211 118 272 τά
130 210 259 289 ποτήρια,
272 210 438 288 άπεθάμαζέ
452 237 483 273 τε
497 213 543 271 καὶ
558 205 760 289 ἐξεπλήσσεέο,
773 203 790 273 6
803 214 834 273 δέ
846 212 880 276 ἂν

82 302 192 360 ἐκέλευε
212 299 296 359 αὐτόν
316 299 513 376 ἀποφέρεσθαι
537 299 627 361 αὐτῶν
648 300 704 361 ὅσα
730 300 878 377 βούλοιτο·
911 344 923 370 2

81 392 166 448 τοῦτο
179 388 226 446 καὶ
239 388 280 451 δὶς
292 388 339 446 καὶ
351 388 410 464 τρὶς
424 388 551 450 εἴπαντος
564 389 747 464 Μαιανδρίου,
760 388 778 449 6
791 381 882 451 Κλεο-

81 476 167 553 μένης
174 474 346 539 δικαιότατος
360 474 466 552 ἀνδρῶν
472 476 588 556 γίνεται,
596 474 781 551 δςλαβεῖν
746 501 799 552 μεν
808 476 880 539 διδό·

81 589 153 640 μενα
171 562 221 622 οὐκ
238 562 364 622 ἐδικαίευ·
384 561 482 639 μαθων
496 562 526 621 δέ
542 562 578 624 63
590 561 710 623 άλλοισι
722 563 865 627 διδους
826 590 881 625 των

82 649 178 710 άστῶν
199 649 346 763 εὑρήσεται
368 650 509 726 τιμωρίην,
532 649 624 725 βάς’
611 650 658 709 επὶ
677 650 743 714 τούς
763 650 882 728 ἐφόρους

81 737 197 815 ἄμεινον
210 738 279 797 εἶναι
292 738 347 813 ἐφη
360 763 395 815 τῃ
382 735 579 815 Σπάρτῃ
545 762 596 797 τον
608 737 743 807 ξεῖνον
709 764 760 798 τον
774 732 883 824 Σάμιον

82 825 357 939 άπρλλρσσεσθαι’
343 851 373 885 εκ
388 829 439 900 τῆς
457 826 717 901 Πελοποννήσου,”
705 852 749 887 ινα
759 826 802 915 μὴ
816 827 881 887 άνα-

81 915 169 992 πείσῃ
192 912 211 990 ἢ
232 912 316 973 αὐτόν
338 910 358 989 ἢ
380 912 471 972 ἄλλον
489 913 554 973 τινά
580 906 774 992 Σπαρτιητέων
797 915 883 976 κακόν

81 1003 224 1082 γενέσθαι·
252 1028 279 1060 οι
270 999 325 1059 δ’
348 999 558 1066 ὖπακούσαντες
584 1001 749 1080 ἐξεκήρυξαν
774 1002 882 1063 Μαιάν-

81 1090 170 1166 δριον.
210 1087 268 1165 Τὴν
290 1088 321 1148 δέ
343 1087 439 1165 Σάμον
459 1088 693 1169 σαγηνεύσαντες
703 1116 730 1149 οι
721 1092 928 1197 ’Πέρσαι149

80 1177 243 1254 παρέδοσαν
257 1178 456 1248 Συλοσῶντι,
443 1181 548 1254 ερῆμον
562 1181 664 1237 ἐοῦσαν
681 1173 848 1286 ἀνδρῶν’
830 1204 881 1238 υσ-

80 1265 153 1375 τέρῳ
170 1265 269 1342 μέντοι
285 1263 377 1343 χρόνῳ
390 1290 438 1323 και
453 1265 653 1376 συγκατοίκισε
661 1264 754 1373 αὐτην
766 1265 782 1325 6
795 1291 880 1343 στρα-

79 1352 169 1434 πηγός
181 1350 337 1428 'oraim'
323 1376 353 1411 εκ
364 1377 396 1411 τε
409 1351 490 1431 ὄψιος
503 1350 612 1430 ὀνείρου
626 1352 672 1411 καὶ
685 1352 788 1413 νούσου
800 1352 820 1428 ἦ
831 1378 881 1429 μιν

80 1440 225 1516 κατέλαβε
237 1445 361 1515 νοσῆσαι
371 1464 408 1498 τα
398 1438 520 1499 αιδοῖα.

121 1527 188 1587 ’Em
129 1528 231 1587 Γδὲ
244 1527 341 1604 Σάμον
353 1526 562 1605 στρατεύματος
575 1532 704 1588 ναυτικοῦ
714 1529 861 1608 οἰχομένου
870 1529 929 1589 150

79 1614 262 1691 Βαβυλώνιοι
279 1613 453 1691 ἀπέστησαν,
468 1615 557 1693 κάρτα
569 1614 599 1675 εὗ
612 1617 880 1693 παρεσκευασμένοι.

78 1709 111 1764 ἐν
128 1703 187 1784 ὅσῳ
204 1702 260 1786 γάρ
273 1702 289 1764 6
301 1728 332 1763 τε
346 1701 448 1784 Μάγος
462 1701 533 1782 ἦρχε
546 1702 592 1762 καὶ
605 1707 633 1763 οἶ
646 1704 715 1765 ἑπτά
729 1705 879 1783 ἐπανέστη·

78 1817 146 1863 σαν,
159 1798 190 1853 ἐν
200 1791 288 1872 τούτῳ
301 1792 435 1870 παντὶτῷ
447 1790 539 1870 χρόνῳ
555 1791 602 1850 καὶ
612 1796 650 1870 τῇ
660 1790 773 1872 ταραχῇ
787 1799 815 1857 ἐς
826 1792 881 1870 την

78 1879 247 1958 πολιορκίην
258 1878 494 1956 παρεσκευάδατο·
516 1878 566 1937 καί
576 1903 629 1941 κως
640 1884 729 1940 ταῦτα
740 1885 881 1945 ποιεῦντες

78 1967 244 2028 ἐλάνθανον.
279 1967 385 2025 ἐπείτε
400 1966 430 2025 δέ
446 1971 476 2024 ἐκ
488 1969 540 2024 τοῦ
553 1966 692 2041 ἐμφανέος
705 1967 879 2043 ἀπέστησαν,
893 1965 896 1968 ’

79 2055 218 2131 ἐποίησαν
237 2052 353 2115 τοιόνδε·
378 2052 428 2116 τοὶς
450 2054 572 2129 μητέρας
595 2051 744 2123 ἐξελόντες,
763 2060 880 2166 γυναῖκα

79 2145 200 2206 ἕκαστος
219 2143 286 2219 μίαν
307 2140 576 2249 πρρσεξαιρέετο
541 2164 594 2216 την
613 2140 785 2216 ἐβούλετο’
772 2168 802 2201 εκ
824 2146 880 2202 τῶν

77 2235 182 2290 ἑωυτοῦ
200 2228 356 2290 οἰκίων·
320 2254 371 2292 τας
384 2228 414 2287 δὲ
426 2227 539 2291 λοιπάς
544 2226 657 2291 άπάσας
675 2228 880 2337 συναγαγόντες

76 2317 243 2388 ἀπέπνιξαν·
269 2315 321 2392 τήν
345 2316 375 2375 δέ
398 2317 467 2392 μίαν
488 2319 608 2378 ἕκαστος
629 2316 777 2376 σιτοποιὸν
804 2317 874 2386 ἐξαν-

76 2406 167 2481 ρέετο·
189 2403 342 2474 άπέπνιξαν
358 2403 388 2462 δὲ
408 2401 493 2466 αὐτάς
510 2403 555 2477 ἵνα
570 2402 612 2478 μή
625 2410 722 2480 σφεων
733 2403 783 2466 τὸν
796 2407 878 2465 σῖτον

77 2492 304 2603 άναισιμάσῳσι.
332 2491 495 2567 Πυθόμενος
507 2491 537 2550 δέ
549 2493 637 2550 ταῦτα
650 2491 667 2551 6
677 2495 803 2569 Δαρεῖος,
812 2493 858 2552 καὶ
867 2495 922 2554 151

76 2579 259 2651 συλλέξας
241 2605 355 2640 απασαν
370 2578 422 2654 τήν
439 2582 541 2638 ἑωυτοῦ
558 2577 682 2655 δύναμινρ
696 2581 877 2658 ἐστρατείετο

77 2667 122 2727 ἐπ’
136 2667 244 2732 αὐτούς·
261 2666 402 2730 ἐπελάσας
415 2666 445 2725 δέ
458 2667 505 2726 ἐπὶ
516 2665 569 2742 τὴν
577 2669 738 2742 Βαβυλῶνα
750 2669 876 2745 ἐπολιόρ-

76 2780 124 2814 κεε
138 2756 334 2832 φροντίζοντας
347 2753 425 2813 οὐδὲν
431 2758 482 2829 τῆς
494 2754 667 2829 πολιορκίης·
680 2753 878 2830 ἀναβαίνοντες

74 2843 133 2924 γοὶρ
153 2843 199 2901 ἐπὶ
215 2841 280 2905 τούς
297 2844 497 2920 προμαχεῶνας
513 2844 565 2900 τοῦ
582 2840 689 2918 τείχεος
701 2844 729 2899 οἱ
741 2842 878 2918 Βαβυλά·

75 2954 132 2989 νιοι
148 2929 344 3007 κατωρχέοντο,
359 2930 405 2988 καὶ
425 2929 622 3002 κατέσκωπτον
635 2930 755 3004 Δαρεῖον
768 2930 814 2988 καὶ
825 2928 878 3005 την

74 3016 215 3094 στρατιὴν
230 3015 324 3076 αὐτοῦ·
346 3017 394 3075 καί
409 3041 452 3079 τις
469 3014 561 3076 αὐτῶν
579 3013 640 3072 εἶπε
656 3019 740 3074 τοῦτο
753 3015 787 3075 τδ
802 3016 875 3078 ἔπος·
898 3061 902 3067 ,

74 3113 94 3139 “
102 3105 133 3164 τί
145 3103 269 3179 κάτησθε
283 3105 409 3172 ἐνθαῦτα,
424 3102 445 3161 ὦ
458 3103 579 3179 Πέρσαι,
588 3099 653 3159 ἀλλ’
664 3099 713 3159 οὐκ
726 3101 877 3161 άπαλλάσ·

72 3193 183 3260 σεσθε;
205 3190 269 3250 τότε
284 3189 340 3271 γάρ
357 3189 487 3266 αἱρήσετε
504 3189 593 3265 η’μέας
613 3186 697 3246 ἐπεοὶν
709 3188 821 3265 ἡμίονοι
832 3188 877 3248 τέ·

72 3277 275 3392 κοισι·’2’2τοῦτο
289 3277 349 3336 εἶπε
361 3279 418 3336 τῶν
429 3301 471 3338 τις
483 3275 671 3351 Βαβυλωνίων
679 3274 786 3352 οὐδαμοὶ
799 3275 875 3334 ἒλπί·
