2150 3500
98 112 201 179 79380]
439 113 574 163 οικιιιι.
856 118 904 165 ια

99 190 242 269 εὕρισκον·
264 196 289 252 εἰ
305 192 335 251 δέ
351 191 392 269 μὴ
410 192 442 253 νύ
480 194 641 252 ἐπελθοῦσα
661 192 738 271 ἐσχε,
756 193 853 253 ἔλιπον
872 191 907 254 ἂν

98 278 201 339 ούδένα
227 280 338 359 Μάγον.
379 279 482 355 ταύτην
508 280 561 356 τὴν
586 278 693 357 ἡμέρην
722 280 906 356 θεραπεύουσι

98 368 215 444 Πέρσαι
236 372 313 445 κοινῇ
333 366 461 443 μάλιστα
480 372 536 427 τῶν
556 366 691 444 ἡμερέων·
718 368 765 425 καὶ
786 372 815 427 ἐν
835 368 905 447 αὐτῇ

98 454 187 531 ὄρτὴν
206 454 334 536 μεγάλην
348 448 532 536 ἀνάγουσαὴ
545 455 678 530 κέκληται
694 454 750 514 ὑπό
771 454 927 531 Περσέων

98 543 284 623 Μαγοφόνια·
306 548 335 603 ἐν
347 546 382 621 τῇ
396 542 498 624 Μάγον
514 543 613 603 οὐδένα
630 543 723 612 ἐξεστι
742 548 864 619 φανῆναι
873 548 905 608 ’ἐς

96 630 134 690 τό
154 634 221 706 φῶς,
238 629 316 689 ἀλλὰ
330 630 389 691 κατ’
403 631 494 695 οἴκους
513 630 628 695 ἑωυτούς
646 634 674 690 οἱ
689 629 788 712 Μάγοι
808 634 907 710 έχουσι

97 716 153 793 πὴν
166 717 272 796 ἡμέρην
285 718 398 795 ταύτην.

141 804 224 865 Ἐπεί
240 832 271 865 τε
292 806 322 865 δὲ
343 808 465 883 κατέστη
481 806 497 866 ό
515 806 639 885 θόρυβος
658 806 705 866 καὶ
725 806 803 870 ἐκτός
821 808 905 868 πέντε
914 810 952 867 80
990 802 994 808 ’

97 892 226 970 ἡμερέων
238 895 356 975 ἐγένετο,
370 894 557 971 ἐβουλεύοντο
571 898 598 954 οἱ
611 894 817 958 ἐπαναστάντες
828 898 905 955 τοῖσι

98 980 233 1062 Μάγοισι
249 983 383 1059 περὶτῶν
400 982 572 1063 πρηγμάτων
586 982 706 1043 πάντων·
728 984 774 1041 καὶ
790 984 905 1063 ἐλέχθη-

97 1092 159 1127 σαν
171 1068 253 1151 λόγοι
267 1068 383 1130 ἅπιστοι
395 1072 446 1147 μὲν
460 1071 561 1130 ἐνίοισι
577 1069 906 1149 Ἑλλήνων,ἐ’λέχθησαν

98 1155 126 1216 δ’
153 1155 199 1217 ὧν.
238 1156 360 1234 Ὀτάνης
384 1160 436 1234 μὲν
462 1159 573 1217 ἐκέλευε
600 1163 629 1221 ἐς
653 1159 744 1235 μέσον
771 1158 905 1237 Πέρσησι

99 1246 263 1306 καταθεῖναι
275 1245 311 1305 τά
324 1246 485 1326 πρήγματα,
502 1246 593 1325 λέγων
610 1245 685 1305 τάδε·
707 1256 725 1281 “
733 1244 795 1322 ἐμοὶ
808 1245 905 1318 δοκέει,

99 1332 151 1393 ἕνα
163 1335 214 1409 μὲν
224 1332 316 1410 ἡμέων
328 1332 489 1413 μούναρχον
499 1333 599 1410 μηκέτι
610 1333 753 1414 γενέσθαι·
774 1332 838 1392 ούτε
849 1333 905 1414 γάρ

98 1419 154 1496 ἡδύ
175 1420 238 1481 οὔτε
258 1420 375 1499 άγαθόν·
415 1422 501 1481 εἴδετε
520 1420 647 1502 μὲνγὰρ
666 1420 719 1497 τὴν
738 1420 905 1497 Καμβύσεω

99 1507 187 1585 ὕβριν
206 1508 249 1569 ἐπ’
269 1509 339 1571 ὅσον
360 1509 505 1586 ἐπεξῆλθε,
525 1508 721 1588 μετεσχήκατε
739 1508 770 1567 δὲ
790 1508 837 1567 καὶ
856 1513 906 1585 τῆς

98 1601 152 1657 τοῦ
169 1596 273 1680 Μάγου
290 1596 400 1675 ὕβριος.
443 1602 495 1661 κῶς
513 1596 536 1657 δ’
551 1594 586 1657 άν
599 1598 641 1673 εἴη
656 1600 755 1676 χρῆμα
772 1622 906 1681 κατηρτη·

99 1684 187 1763 μένον
212 1686 377 1770 μουναρχίη,
403 1689 440 1765 τῇ
467 1687 560 1757 ἔξεστι
587 1684 725 1766 ἀνευθύνῳ
747 1686 852 1745 ποιέειν
870 1684 907 1745 τό

99 1773 256 1856 βούλεται;
277 1773 392 1856 καὶγὰρ
409 1771 443 1836 άν
460 1773 510 1835 τόν
528 1773 646 1852 άριστον
659 1773 766 1851 ἀνδρῶν
785 1773 903 1847 πάντων,

101 1860 211 1922 στάντα
234 1867 262 1926 ἐς
287 1861 391 1938 ταύτην
417 1860 469 1937 τὴν
489 1861 587 1950 α’ρχὴν,
609 1861 687 1924 ἐκτός
706 1865 762 1921 τῶν
782 1860 906 1921 ἐωθότων

101 1948 248 2026 νοημάτων
269 1947 394 2026 σπη’σειε·
416 1951 554 2030 ἐγγίνεται
568 1951 620 2025 μὲν
638 1948 694 2030 γάρ
709 1951 737 2007 οἱ
752 1946 835 2025 ὕβρις
849 1946 923 2008 ὑπό·

100 2039 158 2096 τῶν
167 2037 324 2114 παρεόντων
337 2036 458 2118 άγαθῶν,
469 2035 576 2112 φθόνος
588 2037 618 2096 δὲ
632 2036 756 2114 ἀρχῆθεν
770 2035 907 2111 ἐμφύεται

101 2123 247 2205 ἀνθρώπῳ·
269 2125 317 2185 δύο
336 2125 358 2185 δ’
372 2126 442 2205 ἔχων
456 2128 553 2195 ταῦτα,
568 2125 627 2203 ἔχει
642 2127 741 2183 πᾶσαν
754 2121 904 2198 κακότητα·

100 2211 139 2272 τοὶ
150 2215 202 2288 μὲν
214 2214 269 2296 γάρ
286 2213 356 2292 ὕβρι
376 2213 558 2290 κεκορημένος
579 2211 651 2289 ἔρδει
667 2209 765 2270 πολλά
779 2210 825 2270 καὶ
838 2209 904 2270 άπά-

101 2302 208 2372 σθαλα,
235 2302 270 2362 τό
297 2303 327 2361 δὲ
348 2301 451 2380 φθόνῳ.
494 2302 585 2361 καίτοι
610 2298 698 2376 ἄνδρα
719 2324 754 2379 γε
772 2297 905 2376 τύραννον

101 2387 229 2465 ἄφθονον
244 2391 297 2450 ἔδει
315 2389 393 2459 εἶναι,
414 2387 513 2468 ἔχοντά
529 2414 565 2470 γε
583 2387 676 2449 πάντα
695 2385 731 2447 τά
747 2385 849 2468 ἀγαθά·
870 2385 904 2448 τό

102 2477 126 2537 δ’
154 2477 315 2540 ύπεναντίον
344 2478 443 2538 τούτου
473 2482 501 2540 ἐς
530 2475 597 2542 τούς
622 2475 761 2552 πολιήτας
785 2476 903 2551 πέφυκε·

102 2565 216 2641 φθονέει
225 2565 280 2647 γάρ
292 2569 369 2626 τοῖσι
379 2565 522 2643 ἀρίστοισι
534 2566 682 2643 περιεοῦσί
691 2589 723 2624 τε
736 2564 783 2623 καὶ
793 2563 904 2634 ζώουσι,

100 2653 195 2732 χαίρει
209 2654 239 2714 δὲ
255 2657 333 2714 τοῖσι
349 2653 510 2713 κακίστοισι
528 2657 585 2714 τῶν
605 2652 709 2722 άστῶν,
723 2651 862 2727 διαβολάς
874 2651 904 2710 δὲ

101 2739 218 2818 ἅριστος
244 2741 414 2804 ἐνδέκεσθαι.
455 2739 702 2817 οἷναρμοστότατος
727 2738 757 2797 δέ
783 2737 903 2798 πάντων·

101 2826 139 2904 ἤν
152 2853 185 2888 τε
197 2829 253 2910 γάρ
274 2828 358 2890 αύτδν
377 2829 494 2907 μετρίως
507 2826 661 2905 θαυμάζῃς,
680 2823 797 2904 ἄχθεται
812 2823 855 2884 ὅτι
870 2822 904 2884 ού

102 2913 193 2993 κάρτα
225 2916 416 2993 θεραπεύεται·
456 2914 492 2991 ἦν
517 2940 549 2974 τε
575 2912 714 2991 θεραπεύῃ
739 2937 781 2974 τις
807 2911 903 2989 κάρτα,

70 3041 87 3074 0
102 3001 220 3082 ἄχθεται
250 3003 301 3066 ἅτε
328 3003 409 3065 θωπί.
450 3002 486 3062 τά
514 3003 545 3062 δὲ
570 3001 604 3077 δὴ
631 3001 754 3081 μέγιστα
785 2999 904 3077 ἔρχομαι

102 3091 195 3170 ἐρέων·
216 3092 318 3177 νόμαιά
330 3117 361 3152 τε
378 3095 448 3152 κινεῖ
464 3090 576 3168 πάτρια,
591 3090 637 3147 καὶ
651 3090 752 3165 βιᾶται
763 3089 904 3168 γυναῖκας,

103 3179 202 3239 κτείνει
220 3206 253 3241 τε
272 3180 408 3258 άκρίτους.
449 3179 561 3254 πλῆθος
580 3177 610 3236 δὲ
630 3175 719 3253 α”ρχον
734 3178 832 3250 πρῶτα
850 3174 903 3248 μὲν

103 3263 210 3344 οὕνομα
242 3268 353 3329 πάντων
388 3266 546 3325 κάλλιστον
573 3265 631 3343 ἔχει
656 3262 906 3325 ἸΣΟΝΟΜΙΗΝ·
