2150 3500
115 115 232 181 ιιι-ιο]
470 118 585 174 nmo.
892 127 925 176 ιι

115 196 278 276 Καδμείων,
302 198 373 259 οἴκεε
396 201 427 259 ἓν
451 199 548 278 Πίνδῳ
573 198 722 261 Μακεδνόν
746 199 925 278 καλεόμενον·

115 287 247 347 ἐνθεῦτεν
268 286 298 345 δὲ
319 285 395 350 αὖτις
418 291 445 350 ἔς
462 285 514 362 τῆν
532 288 678 364 Δρυοπίδα
694 289 811 364 μετέβη,
829 289 876 348 καὶ
894 295 924 350 εἰς

114 378 172 450 τῆς
189 373 346 452 Δρυοπιδος
363 373 448 438 οὕτως
466 379 493 439 ε’ς
511 373 734 452 Πελοπόννησον
751 369 845 447 ἐλθόν,
863 383 922 438 Δω-

114 461 199 540 ρικόν
213 461 327 538 ἐκλήθη.

156 547 214 609 Ἢν
226 565 288 610 τινα
301 549 331 609 δὲ
342 553 482 632 γλῶσσαν
496 550 577 613 ἵεσαν
590 555 618 612 οἱ
631 552 789 633 Πελασγοὶ,
803 549 854 613 οόκ
869 554 923 633 ἔχω
931 556 967 617 57

114 635 253 714 α’τρεκέως
280 637 365 696 εἶπαι.
408 641 432 697 εἰ
458 637 488 697 δὲ
512 638 597 718 χρεόν
623 644 685 699 ε’στι
707 639 923 717 τεκμαιρόμενον

114 725 213 806 λέγειν
224 728 301 785 τοῖσι
313 729 363 784 νῦν
375 725 415 785 ἔτι
428 730 508 786 εὀῶσι
520 730 690 807 Πελασγῶν,
702 731 758 786 τῶν
769 726 840 805 όπέρ
854 735 923 806 Τυρ-

113 815 213 887 σηνῶν
230 815 390 890 Κρηστῶνα
407 813 493 874 πόλιν
509 813 662 884 οἰκεόντων,
681 813 709 873 οἳ
725 813 843 891 ὅμουροί
858 842 921 877 κοτε

113 897 193 976 ἦσαν
212 904 290 960 τοῖσι
312 904 361 962 νῦν
386 905 525 979 Δωριεῦσι
548 902 754 978 καλεομένοισι,
779 904 868 964 οἴκεον
890 906 921 965 δὲ

112 991 266 1064 τηνικαῦτα
277 992 331 1070 γῆν
343 989 396 1066 τῆν
408 993 457 1050 νῦν
469 994 666 1050 Θεσσαλιῶτιν
678 993 858 1068 καλεομένην·
873 994 920 1054 καὶ

111 1079 171 1135 τῶν
184 1078 314 1153 Πλακίην
325 1102 356 1136 τε
370 1078 416 1137 καὶ
429 1076 577 1153 Σκυλάκην
587 1081 747 1154 Πελασγῶν
756 1078 919 1142 οἰκισάντων

114 1162 364 1244 ε’νἘλλησπόντῳ,
375 1165 403 1227 οἳ
410 1165 535 1226 σύνοικοι
543 1165 670 1247 ε’γένοντο
678 1164 861 1241 Ἀθηναίοισι,
873 1168 919 1228 καὶ

113 1249 173 1310 ὅσα
190 1251 268 1312 ἄλλα
285 1252 456 1334 Πελασγικὰ
474 1252 556 1314 ε’όντα
573 1253 742 1329 πολίσματα
757 1252 791 1313 τό
812 1252 918 1332 οὕνομα

111 1340 266 1415 μετέβαλε·
297 1343 322 1400 εἰ
346 1341 474 1402 τούτοισι
504 1342 721 1420 τεκμαιρόμενον
747 1342 790 1400 δεῖ
813 1342 914 1424 λέγειν,

110 1426 190 1504 ἦσαν
210 1432 238 1489 οἶ
258 1430 409 1510 Πελασγοὶ
428 1428 580 1508 βάρβαρον
598 1434 738 1513 γλῶσσαν
758 1430 850 1493 ἶέντες.
891 1435 917 1492 εἰ

110 1515 206 1577 τοίνυν
223 1514 259 1592 ῆν
278 1517 325 1576 καὶ
339 1521 396 1577 πῶν
413 1520 523 1578 τοιοῦτο
541 1518 575 1578 τό
593 1516 785 1600 Πελασγικόν,
801 1517 835 1578 τό
852 1516 915 1579 Ἀτ-

110 1603 191 1664 τικόν
209 1603 294 1675 ἔθνος,
312 1603 360 1665 ε’δν
377 1605 570 1686 Πελασγικόν,
587 1605 647 1683 ἅμα
661 1609 699 1685 τῆ
714 1605 864 1685 μεταβολῇ
878 1610 915 1686 τῆ

112 1691 292 1770 ε’ςἘλληνας
305 1694 351 1753 καὶ
363 1691 416 1770 τῆν
427 1697 566 1776 γλῶσσαν
577 1694 725 1772 μετέμαθε.
752 1694 798 1755 καὶ
810 1694 865 1777 γὰρ
878 1695 913 1775 δῆ

111 1778 176 1841 αὖτε
200 1784 229 1843 οί
254 1786 468 1860 Κρηστωνιῆται
493 1781 642 1859 οὐδαμοῖσι
668 1786 723 1844 τῶν
748 1787 797 1843 νῦν
820 1791 912 1860 σφεας

110 1869 319 1946 περιοικεόντων
336 1870 391 1931 εἰσὶ
409 1868 602 1951 ὁμόγλωσσοι,
617 1867 681 1930 οὔτε
698 1873 726 1937 οἱ
744 1874 911 1948 Πλακιηνοί·

110 1957 200 2033 σφίσι
209 1957 240 2018 δὲ
252 1956 446 2039 ὁμόγλωσσοι·
465 1958 588 2033 δηλοῦσί
598 1982 637 2027 τε,
648 1957 698 2029 ότι,
709 1955 759 2019 τόν
767 1958 911 2034 ἠνείκαντο

109 2044 248 2125 γλώσσης
275 2048 437 2125 χαρακτῆρα
466 2046 683 2122 μεταβαίνοντες
708 2051 736 2110 ἐς
761 2050 850 2107 ταῦτα
873 2048 910 2109 τῶ

110 2133 206 2211 χωρία,
219 2136 319 2194 τοΐτον
331 2134 428 2211 έχουσι
441 2136 470 2192 ἓν
482 2136 608 2211 φυλακῆ.
648 2132 688 2193 Τό
701 2133 731 2193 δὲ
743 2132 910 2209 Ἑλληνικόν
917 2140 957 2196 58

110 2220 232 2302 γλῶσσῃ
247 2224 307 2299 μὲν,
323 2220 386 2280 ε’πεί
398 2245 429 2280 τε
445 2220 554 2300 ἐγένετο
568 2220 625 2280 αἰεί
637 2245 702 2281 κατε
715 2224 751 2298 τῆ
767 2220 838 2299 αὐτῇ
852 2222 909 2281 δια-

109 2308 228 2385 χρέεται,
253 2306 289 2371 ῶς
312 2307 374 2384 ἐμοὶ
398 2307 598 2383 καταφαίνεται
624 2306 703 2367 εἶναι·
730 2307 908 2387 ἀποσχισθὲν

109 2395 205 2471 μέντοι
221 2393 278 2455 άπό
295 2398 548 2476 ταῶΠελασγικοῶ
567 2394 613 2456 ἐόν
630 2394 753 2465 άσθενές,
767 2393 824 2455 α’πό
842 2422 907 2474 σμι-
967 2442 970 2445 -

110 2486 178 2559 κροῶ
189 2508 237 2543 τεο
251 2481 304 2560 τῆν
318 2481 409 2561 οἷρχῆν
426 2481 609 2561 όρμεῶμενον,
623 2481 740 2560 αὔξηται
756 2487 783 2548 ἐς
798 2486 908 2561 πλῆθος

111 2568 177 2652 [τῶν
202 2568 312 2653 ἐθνέων]
338 2569 458 2643 πολλόν,
484 2571 613 2649 μάλιστα
637 2571 909 2651 προσκεχωρηκότων

109 2657 182 2737 αὐτῷ
196 2658 243 2718 καὶ
260 2657 356 2719 ἄλλων
374 2658 472 2719 ἐθνέων
488 2658 646 2737 βαρβάρων
661 2664 781 2740 συχνῶν.
823 2659 859 2724 ῶς
874 2659 908 2737 δῆ

110 2743 147 2806 ῶν
167 2745 232 2824 ἐμοί
249 2771 283 2829 γε
303 2746 392 2807 δοκέει
413 2744 475 2807 οὐδὲ
494 2745 529 2806 τό
551 2746 734 2828 Πελασγικόν
756 2746 841 2817 ἔθνος,
863 2745 909 2808 ε’δν

109 2832 268 2912 βάρβαρον,
282 2832 389 2911 οὐδαμά
401 2833 530 2915 μεγάλως
543 2832 705 2909 αὐξηθῆναι.

148 2921 258 2984 Τούτων
273 2920 308 2998 δὴ
325 2920 361 2981 ῶν
376 2926 431 2982 τῶν
447 2921 545 2982 ἐθνέων
562 2919 596 2982 τό
614 2922 667 2998 μὲν
685 2920 812 2981 Ἀττικόν
832 2922 955 2998 κατε-ὅθ

108 3008 228 3088 χόμενόν
243 3035 276 3071 τε
291 3009 338 3068 καὶ
357 3009 562 3087 διεσπασμένον
578 3007 743 3069 ἐπυνθάνετο
754 3007 771 3066 ό
784 3011 911 3084 Κροῖσος

109 3096 163 3157 όπό
192 3096 400 3175 Πεισιστράτου
427 3102 477 3158 τοῦ
504 3093 702 3173 Ἱπποκράτεος
729 3098 828 3155 τοῦτον
860 3094 910 3157 τόν

58 3230 61 3237 ·
109 3183 211 3265 χρόνον
227 3185 437 3264 τυραννεύοντος
453 3183 616 3261 Ἀθηναίων.
656 3180 832 3257 Ἱπποκράτεϊ
843 3180 908 3263 γάρ,

111 3270 182 3333 ε’όντι
191 3270 284 3351 ἰδιῶτη
294 3274 340 3332 καὶ
350 3272 493 3349 θεωρέοντι
500 3270 537 3332 τοὶ
548 3267 701 3346 Ὀλύμπια,
710 3267 791 3345 τέρας
800 3269 909 3346 ἐγένετο
