2150 3500
118 84 226 149 12—15]
409 83 656 135 mmmmm:
775 95 778 103 ·
872 89 921 135 τις

118 158 399 239 κοννήσιος,’“ποιέων
414 164 499 235 Ιέπεα,
524 163 676 225 ἀπικέσθαι
702 169 730 228 ἐς
754 163 922 241 Ἰσσηδόνας

117 251 339 328 φοιβόλαμπτος
350 251 508 332 γενόμενος·
529 251 700 327 Ἰσσηδόνων
710 253 740 311 δὲ
752 252 922 328 ὑπεροικέειν

116 336 319 417 Ἀριμασπούς,
335 334 439 415 Ιἀνδρας
452 339 700 416 μουνοφθάλμους,
716 339 786 417 ύπὲρ
808 340 839 398 δέ
859 339 921 399 τού-

116 452 173 487 των
198 426 264 489 τούς
282 425 505 506 χρυσοφύλακας
528 426 649 503 Γρύπας,
669 426 773 486 τούτων
793 427 831 496 δὲ,
857 427 922 491 τούς

117 507 331 592 Ὑπερβορέους,
350 513 524 589 κατήκοντας,
540 516 585 573 ἐπὶ
606 507 767 575 θάλασσαν.
807 513 922 579 τούτους

118 601 156 662 ὧν
164 602 269 665 πάντας
278 602 355 677 πλήν
362 601 567 679 Ὑπερβορέων,
579 601 720 678 ἀρξόντων
728 600 921 679 Ἀριμασπῶν,

119 690 173 749 αἰεὶ
189 693 267 749 τοῖσι
284 690 512 768 πλησιοχώροισι
531 691 715 749 ἐπιτίθεσθαι·
736 690 783 748 καὶ
799 690 854 749 ύπδ
871 693 923 766 μὲν

119 774 304 853 Ἀριμασπῶν
325 778 492 851 ἐξωθέεσθαι
512 782 543 837 ἐκ
567 781 619 853 τῆς
637 778 729 856 χώρης
748 776 923 854 Ἰσσηδόνας,

119 862 174 923 ύπό
206 864 402 942 ἐΊσσηδόνων
419 865 536 936 Σκύθας,
552 866 724 942 Κιμμερίους
742 865 772 923 δέ
785 866 924 929 οἰκέοντας

121 952 166 1011 ἐπὶ
192 957 228 1031 τῇ
255 955 333 1032 νοτίῃ
356 952 491 1031 θαλάσσῃ
518 952 574 1013 ύπό
596 954 725 1020 Σκυθέων
745 954 923 1030 πιεζομένους

120 1040 258 1101 ἐκλείπειν
270 1040 323 1117 τήν
335 1040 438 1120 χώρην.
481 1040 552 1099 οὕτω
568 1040 631 1099 ούδέ
650 1036 923 1117 οὗτοςουμφέρεται
956 1051 959 1056 “

119 1128 184 1205 περὶ
197 1132 248 1205 τῆς
260 1129 352 1208 χώρης
364 1128 465 1205 ταύτης
483 1128 619 1207 Σκύθησι.
661 1128 719 1187 Καὶ
735 1128 799 1188 ὅθεν
811 1131 863 1205 μὲν
876 1129 922 1204 έην
932 1131 969 1188 14

119 1214 270 1293 Ἀριστέης
290 1216 306 1276 ό
326 1221 414 1277 ταῦτα
439 1215 570 1292 ποιήσας,
599 1216 713 1293 εἴρηται·
739 1215 789 1276 τόν
808 1216 838 1275 δὲ
857 1217 923 1293 περὶ

120 1302 205 1364 αὐτοῦ
230 1304 332 1379 ήκουον
358 1304 446 1385 λόγον
467 1310 496 1364 ἐν
522 1303 713 1382 Προκοννήσῳ
733 1304 780 1362 καὶ
804 1304 922 1382 Κυζίκῳ,

119 1392 201 1461 λέξω·
235 1391 384 1469 Ἀριστέην
409 1392 465 1473 γάρ
492 1393 619 1473 λέγουσι,
647 1391 729 1451 ἐόντα
749 1395 806 1451 τῶν
829 1390 923 1450 ἀστῶν

121 1478 231 1542 ούδενός
243 1480 323 1561 γένος
339 1480 549 1557 ύποδεέστερον,
566 1478 720 1539 ἐσελθόντα
739 1485 767 1542 ἐς
786 1477 923 1553 κναφήιον

121 1572 150 1627 ἐν
171 1567 361 1647 Προκοννήσῳ
382 1566 543 1634 ἀποθανεῖν·
578 1568 624 1626 καὶ
643 1567 693 1627 τόν
714 1562 822 1643 κναφέα
842 1591 923 1625 κατα·

120 1656 278 1730 κληίσαντα
305 1654 339 1715 τό
371 1654 563 1736 ἐργαστήριον,
595 1656 725 1734 οἴχεσθαι
752 1648 924 1736 ἀγγελέοντα

119 1746 197 1803 τοῖσι
219 1743 398 1821 προσήκουσι
418 1749 456 1823 τῷ
475 1749 571 1824 νεκρῷ·
592 1743 798 1821 ἐσκεδασμένου
819 1741 848 1801 δὲ
867 1740 923 1818 ἤδη

121 1835 172 1892 τοῦ
185 1831 274 1913 λόγου
288 1831 340 1892 οἷνά
353 1828 405 1907 τήν
414 1832 499 1892 πόλιν
510 1831 546 1895 ιός
559 1830 674 1895 τεθνειδς
687 1833 729 1907 εἴη
740 1831 756 1891 ὁ
768 1831 923 1909 Ἀριστέης,

121 1926 150 1984 ἐς
175 1919 378 1998 ἀμφισβασίας
404 1924 485 2006 τοῖσιΙ
511 1921 630 2002 λέγουσι
656 1918 809 1980 ἀπικέσθαι
837 1918 924 1995 ἄνδρα

121 2007 277 2085 Κυζικηνάν
296 2007 399 2084 ἥκοντα
421 2009 452 2077 ἐξ
467 2007 605 2084 Ἀρτάκης
622 2006 731 2076 πόλιος,
747 2005 841 2082 φάντα
859 2029 924 2064 συν·

122 2101 218 2176 τυχεῖν
231 2096 263 2156 τέ
280 2099 307 2155 οἱ
324 2095 392 2156 ἰόντι
411 2095 456 2155 ἐπὶ
472 2095 595 2165 Κυζίκου
613 2094 660 2153 καὶ
673 2099 701 2156 ἐς
713 2093 816 2175 λόγους
829 2091 922 2150 ἀπικέ-

121 2185 200 2244 σθαι·
235 2185 281 2242 καὶ
307 2188 406 2244 τοῦτον
425 2184 477 2261 μέν
497 2182 679 2258 ἐντεταμένως
705 2179 923 2258 ἀμφισβητέειν·

120 2271 186 2335 τούς
211 2272 241 2330 δὲ
266 2270 461 2349 προσήκοντας
486 2273 525 2348 τῷ
548 2272 633 2348 νεκρῷ
656 2269 702 2328 ἐπὶ
722 2267 756 2328 τό
781 2265 917 2342 κναφήῖον

121 2363 249 2438 παρεῖναι
266 2363 380 2438 ἔχοντας
395 2358 431 2418 τά
449 2357 612 2436 πρόσφορα,
628 2355 663 2420 ιός
679 2354 923 2434 ἀναιρησομένους·

122 2448 300 2527 ἀνοιχθέντος
320 2448 350 2508 δὲ
370 2441 421 2508 τού
441 2445 600 2522 οἰκήματος,
622 2444 685 2505 οὔτε
704 2446 840 2505 τεθνεάπα
861 2441 925 2502 ούτε

122 2537 212 2607 ζῶντα
232 2536 383 2612 φαίνεσθαι
403 2535 561 2612 Ἀριστέην·
587 2533 658 2611 μετά
678 2533 716 2603 δέ,
738 2531 849 2610 ἑβδόμῳ
868 2532 922 2589 ἐπεῖ

123 2625 247 2700 φανέντα
255 2623 339 2684 αὐτόν
348 2628 375 2686 ἐς
383 2621 585 2700 Προκόννησον
595 2624 713 2695 ποιήσαι
720 2620 756 2679 τὰ
765 2621 832 2678 ἔπεα
838 2620 925 2678 ταῦτα

122 2711 165 2792 τοὶΙ
177 2716 226 2772 νῦν
241 2711 288 2771 ἀπ’
306 2711 453 2786 Ἑλλήνων
471 2708 652 2786 Ἀριμάσπεα
673 2708 811 2767 καλέεται·
845 2704 925 2779 ποιή-

111 2825 214 2858 ’σαντα
230 2799 260 2858 δὲ
280 2799 472 2875 ἀφανισθῆναι
488 2796 521 2857 ’τό
540 2793 677 2871 δεύτερον.
717 2798 805 2853 ταῦτα
824 2794 876 2870 μὲν
896 2793 926 2849 αἱ

123 2886 220 2949 πόλιες
233 2883 315 2946 αὗται
328 2887 455 2966 λέγουσι.
483 2883 556 2942 Τόδε
568 2882 599 2940 δὲ
612 2881 676 2940 οἶδα
688 2880 926 2939 Μεταποντίνοισι
936 2879 973 2937 15

122 2977 200 3033 τοῖσι
219 2979 247 3033 ἐν
261 2972 369 3052 Ἰταλίη
386 2970 605 3052 συγκυρήσαντα
625 2966 769 3043 μετοὶ“τήν
790 2965 927 3043 ἀφάνισιν

123 3060 176 3136 τήν
190 3061 319 3137 δευτέρην
331 3059 467 3137 Ἀριστέω
485 3061 560 3117 ἔτεσι
572 3055 781 3134 τεσσεράκοντα
794 3054 840 3113 καὶ
852 3076 927 3130 τριη-

124 3148 257 3215 κοσίοισι,
281 3147 315 3209 ὦς
340 3147 393 3226 ἐγω
416 3143 656 3222 συμβαλλόμενος
680 3148 710 3202 ἐν
738 3138 928 3218 Προκοννήσῳ

124 3260 155 3294 τε
180 3233 226 3292 καὶ
251 3234 436 3310 Μεταποντίῳ
460 3231 597 3308 εὕρισκον·
624 3229 832 3288 Μεταποντῖνοί
853 3233 928 3294 φασι
