2150 3500
97 127 241 194 τοο-ιω]
445 130 559 181 mm.
852 132 900 180 ιω

95 207 236 270 ἀπόλοιτο
249 207 285 273 ὥς
296 208 429 289 τάχιστα·
449 207 481 273 ὃς
496 207 558 269 ἀντὶ
573 209 626 286 μέν
638 207 745 270 δούλων
765 209 900 286 ἐποίησας

97 297 260 373 ἐλευθέρους
286 297 403 373 Πέρσας
433 295 510 369 εἶναι,
543 295 604 356 ἀντὶ
632 296 661 356 δὲ
686 295 825 374 ἄρχεσθαι
852 295 899 356 ὕπ’

95 382 193 444 ἄλλων
211 383 307 464 ἄρχειν
327 384 461 444 ἁπάντων.
507 389 531 444 εἶ
552 385 583 444 δέ
602 385 644 448 τίς
664 411 709 445 τοι
724 384 788 463 ὄψις
808 383 898 466 ἄπαγ-

93 473 195 552 γέλλει
207 472 294 531 παῖδα
306 471 355 532 τόν
369 470 437 549 ἐμῦν
456 471 575 550 νεώτερα
591 471 739 548 βουλεύειν
754 473 818 548 περὶ
836 473 896 546 σέο,

95 559 151 640 ἐγώ
173 584 218 620 τοι
238 560 413 639 παραδίδωμι
433 561 560 640 χρῆσθαι
575 559 649 638 αὐτῷ
670 563 753 620 τοῦτο
774 558 790 620 ὅ
809 585 838 619 τι
859 560 897 620 σῦ

91 647 241 723 βούλεαι”
279 646 445 724 Ὑστάσπης
469 650 522 724 μέν
548 646 673 708 τούτοισι
700 645 896 726 ἀμειψόμενος,

94 736 143 794 καὶ
167 734 268 812 διαβὰς
292 735 344 795 τόν
365 733 493 812 Ἀράξεα,
521 734 567 811 ἥῑε
588 740 615 800 ἐς
637 734 752 812 Πέρσας
772 734 905 820 φυλάξων

94 822 181 902 Κύρῳ
200 822 250 884 τόν
268 823 357 882 παῖδα
376 827 502 899 Δαρεῖον.
814 864 816 867 -

136 915 231 989 Κῦρος
252 911 282 970 δὲ
302 910 449 988 προελθῦν
475 909 532 971 ἀπό
554 915 604 972 τοῦ
624 909 747 990 Ἀράξεω
770 910 919 989 ήμέρης21

92 996 168 1071 όδῦν,
185 999 275 1058 ἐποίεε
286 997 337 1062 τὰς
353 999 481 1076 Κροίσου
493 997 643 1074 ῦποθήκας.
673 1000 745 1078 μετοὶ
758 1000 895 1070 δὲταῦτα,

21 1117 25 1123 ’
93 1085 193 1163 Κόρου
211 1112 243 1147 τε
264 1087 310 1147 καὶ
323 1087 459 1165 Περσέων
478 1091 529 1148 τοῦ
543 1087 665 1164 καθαροῦ
686 1091 809 1165 στρατοῦ
830 1086 895 1147 ἅπε-

91 1173 243 1238 λοὶσαντος
256 1173 348 1235 ὀπίσω
370 1175 416 1234 ἐπὶ
427 1174 478 1235 τόν
490 1173 611 1252 Ἀράξεα
627 1176 793 1251 λειφθέντος
804 1175 833 1235 δέ
845 1180 896 1236 τοῦ

92 1260 221 1340 ἀχρηίου,
248 1263 409 1323 ἐπελθοῦσα
426 1267 482 1323 τῦν
504 1265 718 1344 Μασσαγετέων
736 1264 897 1340 τριτημορὶς

92 1354 145 1411 τοῦ
165 1355 288 1429 στρατοῦ
307 1350 372 1415 τοῦς
391 1377 422 1412 τε
442 1352 610 1428 λειφθέντας
632 1355 683 1426 τῆς
695 1350 791 1428 Κόρου
811 1375 895 1429 στρα·

91 1443 156 1514 τιῆς
182 1438 296 1516 ἐφόνευε
325 1438 517 1516 ἀλεξομένους,
552 1439 601 1498 καὶ·
627 1437 680 1515 τήν
712 1439 896 1516 προκειμένην

93 1525 199 1590 ἰδόντες
235 1527 318 1588 δαῖτα
354 1525 391 1590 οἷς
428 1525 613 1606 ἐχειρόσαντα
652 1524 716 1590 τοῦς
758 1527 896 1590 ἐναντίους

93 1616 235 1679 κλιθέντες
260 1615 395 1690 δαίνυντο,
421 1616 615 1693 πληρωθέντες
646 1615 676 1674 δέ
708 1616 823 1692 φορβῆς
849 1615 896 1673 καὶ

94 1703 173 1765 οἴνου
194 1701 283 1765 εῦδον·
304 1706 332 1765 οἶ
349 1703 380 1764 δέ
395 1703 507 1781 Πέρσαι
520 1702 685 1767 ἐπελθόντες
697 1701 825 1768 πολλοῦς
843 1703 896 1781 μέν

93 1799 192 1870 σφεων
213 1792 377 1871 ἐφόνευσαν,
391 1796 492 1871 πολλῷ
504 1792 528 1853 δ’
542 1794 582 1854 ἐτι
594 1796 716 1855 πλεῦνας
734 1791 896 1874 ἐζώγρησαν

93 1882 142 1941 καὶ
161 1880 268 1946 ἅλλους
287 1883 333 1941 καὶ
349 1881 399 1942 τόν
416 1885 467 1958 τῆς
484 1881 636 1958 βασιλείης
651 1879 788 1957 Τομύριος
807 1880 895 1939 παῖδα

92 1972 303 2052 στρατηγέοντα
317 1969 545 2051 Μασσαγετέων,
564 1973 604 2047 τῷ
622 1960 727 2046 οῦνυμα
743 1968 779 2044 ἧν
801 1970 893 2045 Σπαρ

92 2058 224 2139 γαπίσης.
252 2056 290 2117 Ἡ
303 2058 342 2128 δέ,
355 2057 499 2134 πυθομένη
511 2056 548 2116 τό
560 2081 592 2116 τε
604 2056 669 2133 περὶ
677 2055 729 2130 τήν
740 2055 943 2133 στρατιὴν212

74 2154 79 2163 ’
92 2144 231 2228 γεγονότα
245 2145 298 2205 καὶ
313 2145 350 2206 τοὶ
362 2146 427 2223 περὶ
444 2144 495 2205 τόν
512 2144 607 2217 παῖδα,
623 2144 775 2219 πέμπουσα
787 2142 893 2218 κήρυκα

93 2232 173 2311 παρὰ
185 2237 282 2310 Κῦρον
304 2235 385 2315 ἐλεγε
404 2231 481 2294 τόδε·
502 2238 521 2267 “
528 2230 659 2307 ἄπληστε
677 2230 795 2307 αἵματος
808 2234 893 2307 Κῦρε,

92 2321 181 2399 μηδὲν
194 2322 318 2400 ἐπαρθῇς
329 2325 368 2401 τῷ
380 2318 508 2403 γεγονότι
520 2319 589 2398 τῷδε
601 2317 753 2399 πρήγματι,
770 2320 793 2377 εἰ
809 2316 895 2394 οἷμπε·

93 2409 162 2488 λίνῳ
184 2414 289 2489 καρπῷ,
312 2413 404 2488 τῷπερ
428 2407 507 2468 αὐτοὶ
533 2407 739 2485 ἐμπιπλάμενοι
760 2406 896 2483 μαίνεσθε

93 2496 165 2557 οὕτω
186 2496 259 2557 ὥστε
280 2497 422 2561 κατιόντος
433 2500 484 2558 τοῦ
498 2496 574 2557 οἴνου
593 2501 620 2559 ἐς
639 2495 673 2557 τό
693 2499 777 2572 σῶμα
796 2500 895 2555 ἐπανα-

92 2585 198 2646 πλοίειν
210 2584 276 2664 ῦμῖν
295 2587 362 2646 ἐπεα
375 2584 454 2657 κακοὶ,
475 2584 589 2665 τοιούτῳ
606 2583 745 2665 φαρμάκῳ
767 2584 896 2647 δολώσας

93 2672 251 2750 ἐκράτησας
263 2674 361 2737 παιδός
373 2679 423 2735 τοῦ
436 2676 514 2751 ἐμοῦ,
530 2672 596 2733 ἀλλ’
616 2673 648 2733 οῦ
669 2672 748 2753 μόχῃ
771 2672 841 2733 κατοῖ
860 2672 894 2733 τό

88 2761 234 2839 καρτερόν.
277 2766 326 2823 νῦν
347 2760 385 2821 ὧν
407 2788 460 2838 μεν
484 2761 514 2820 εὖ
535 2761 740 2839 παραινεούσης
762 2760 894 2837 ῦπόλαβε

91 2848 143 2910 τόν
163 2848 260 2930 λόγον·
282 2847 401 2913 α’ποδοῦς
421 2875 472 2926 μοι
492 2849 542 2910 τδν
559 2849 645 2909 παῖδα
666 2848 746 2907 ἄπιθι
762 2851 792 2905 ἐκ
809 2846 896 2923 τῆσδε

91 2941 144 3014 τῆς
163 2936 256 3017 χώρης
273 2936 397 3014 ἀζήμιος,
418 2938 632 3018 Μασσαγετέων
651 2935 824 3013 τριτημορίδι
845 2938 895 2993 τοῦ

93 3029 222 3103 στρατοῦ
244 3027 427 3103 κατυβρίσας·
450 3029 474 3084 εἰ
492 3024 522 3083 δέ
541 3024 581 3101 μή
602 3027 690 3084 ταῦτα
703 3021 741 3081 σῦ
758 3021 894 3097 ποιήσεις,

91 3113 177 3189 ἥλων
186 3112 327 3192 ἐπόμνυμί
332 3138 377 3174 τοι
385 3112 434 3174 τόν
441 3112 655 3193 Μασσαγετέων
665 3111 805 3185 δεσπότην
812 3108 830 3186 ἦ
838 3108 896 3186 μήν

92 3227 130 3264 σε
148 3201 203 3283 ἐγολ
220 3202 266 3261 καὶ
283 3192 434 3278 ἄπληστον
445 3199 526 3261 ἐόντα
533 3200 651 3279 αἵματος
661 3197 791 3276 κορέσω.”
819 3201 944 3259 Κῦ-213

95 3319 146 3363 ρος
156 3287 210 3366 μέν
221 3314 271 3349 νυν
282 3292 338 3349 τῶν
351 3288 438 3350 ἐπέων
451 3286 549 3348 οῦδένα
561 3286 670 3348 τούτωνΙ
685 3286 895 3367 ἀνενειχθέντων

1013 3379 1051 3407 ⁴
1071 3384 1072 3463 λ
