2150 3500
173 97 223 146 306
482 96 674 162 ἨΡΟΔΟΤΟΤ-
923 91 987 156 [IV.

168 171 360 250 μαντεύονταὶ·
374 174 421 234 καὶ
433 175 554 255 λέγουσι
567 171 644 234 οῦτοι
658 170 694 236 οἷς
705 170 740 232 τδ
752 171 860 232 ἐπίπαν
873 171 987 248 μάλισ-
1046 169 1047 184 ³

170 285 208 320 τα
221 259 296 330 τόδε,
310 258 346 324 οἷς
360 259 411 324 τὰς
426 261 584 337 βασιληίας
603 260 693 322 ἶστίας
711 258 863 334 ἐπιόρκηκε
874 258 922 341 (ῦς
939 260 987 318 καὶ
1047 221 1048 316 ἐ

170 346 209 417 ῦς,
223 347 353 428 λέγοντες
372 352 428 408 τῶν
447 347 542 408 ἀστῶν
561 347 612 408 τδν
631 345 666 408 ἂν
685 346 720 422 δή
738 347 859 428 λέγωσι·
884 347 938 410 τας
955 348 986 406 δὲ

168 436 326 512 βασιληίας
344 435 436 498 ἱστίας
453 435 537 512 νόμος
558 435 686 514 Σκύθῃσι
705 432 740 494 τῦ
761 433 899 510 μάλιστά
920 439 985 494 ἐστι

170 521 285 598 ὀμνύναι
306 522 379 594 τότε,
400 522 485 584 ἐπεοὶν
510 523 562 584 τόν
584 523 721 603 μέγιστον
744 520 832 598 ὅρκον
857 521 984 583 ἐθέλωσι

170 607 295 686 ὀμνύναι·
316 610 415 670 αὐτίκα
430 611 461 670 δὲ
476 610 698 687 διαλελαμμένος
714 607 814 690 ἄγεται
832 605 920 673 οὗτος
932 610 983 670 τῦν

169 695 204 758 ἂν
221 697 256 773 δή
272 701 351 774 φῦσι
368 703 544 776 ἐπιορκῆσαι·
566 698 720 778 ἀπιγμένον
735 696 766 756 δέ
779 697 942 778 ἐλέγχουσι
955 698 983 758 οἶ

168 784 287 860 μάντιες,
302 785 339 850 οἷς
356 786 526 897 ἐπιορκήσας
544 787 673 862 φαίνεται
691 790 721 844 ἐν
736 789 774 862 τῇ
789 790 919 864 μαντικῇ
931 786 983 850 τὰς

168 873 354 949 βασιληίας
345 874 444 944 ιστίας,
459 899 505 933 και
494 873 567 933 διοὶ
579 877 667 933 ταῦτα
681 871 778 978 ἀλγέει
791 898 807 932 ο
800 871 981 948 βασιλεύς·

168 959 185 1020 ό
224 963 237 1020 ἐ
257 960 445 1040 ἀρνέεται,
412 988 445 1022 ου
469 961 632 1039 φοίμενος’
608 964 794 1070 επιορκῆσαι,
818 961 868 1020 καὶ
893 961 981 1022 δεινο·

169 1049 348 1130 λὀγέεταιῧ
329 1050 496 1127 αρνεομένου
515 1050 547 1109 δὲ
566 1047 674 1119 τούτου,
692 1075 708 1108 ο
700 1047 873 1126 ’βασιλεῦς
893 1075 980 1126 μετα·

169 1137 308 1214 πέμπεται
325 1135 456 1220 [ἄλλους]
474 1137 641 1214 διπλησίους
654 1135 781 1214 μάντιας·
802 1135 852 1196 καὶ
868 1134 908 1213 ἢν
926 1140 980 1214 μέν

169 1250 218 1301 μιν
234 1226 281 1285 καὶ
296 1221 381 1296 οῦτοι,
395 1225 561 1303 ἐσορέωιτες
576 1229 604 1288 ἐς
621 1224 673 1300 τήν
690 1223 837 1300 μαντικήν,
855 1226 979 1302 καταδή-
1013 1245 1020 1252 ·

170 1338 246 1374 σωσι
266 1318 441 1391 ἐπιορκῆσαι,
459 1316 511 1373 τοῦ
531 1312 562 1372 δέ
583 1313 660 1375 ίθέως
678 1310 732 1387 τήν
752 1311 886 1387 κεφαλήν
907 1313 976 1375 αἶπο-

169 1401 308 1479 τοίμνουσι
328 1400 429 1461 καὶτὰ
447 1400 580 1479 χρήματα
600 1398 685 1459 αῦτοῦ
703 1398 933 1480 διαλαγχάνουσι
950 1405 977 1461 οἱ
1053 1399 1054 1404 ’

169 1493 275 1564 πριῦτοι
293 1492 350 1551 τῶν
368 1488 498 1566 μαντίων·
521 1485 556 1564 ἣν
576 1486 607 1546 δέ
626 1490 654 1547 οἱ
674 1486 841 1551 ἐπελθόντες
860 1488 977 1564 μα’ντιες

168 1575 345 1647 ἀπολύσωσι,
358 1576 444 1637 ἄλλοι
458 1574 573 1653 πάρεισι
588 1574 708 1652 μάντιες,
722 1599 768 1633 και
758 1574 863 1650 μάλα
875 1574 974 1637 ἄλλοι·

167 1687 202 1736 ην
216 1661 253 1722 ὧν
266 1689 293 1722 οι
284 1662 467 1727 ’πλεῦνες
434 1689 484 1725 τον
496 1662 642 1742 ἄνθρωπον
655 1661 832 1733 οἷπολύσωσι,
844 1663 974 1725 δέδοκται

167 1754 243 1810 τοῖσι
263 1751 401 1828 πρώτοισι
421 1756 478 1813 τῶν
500 1751 621 1860 μαντίμν
641 1749 753 1811 αύτοῖσι
776 1749 972 1815 ἀπόλλυσθαι.

121 1836 176 1897 69'
177 1842 330 1899 Απολλῦσι
343 1837 462 1915 δῆτα’
427 1839 527 1903 αυτούς
540 1838 633 1918 τρόπῳ
645 1838 778 1917 τοιῷδε·’
744 1838 851 1898 ἐπεοῖν
862 1839 973 1917 ἄμαξαν

168 1926 315 2008 φρυγάνων
333 1926 479 2003 πλήσωσι,
497 1928 545 1986 καὶ
563 1925 735 1997 ὑποζεύξωσι
755 1926 836 2001 βοῦς,
858 1930 971 2004 ἐμποδί-

168 2039 268 2078 σαντες
283 2014 348 2078 τοῦς
365 2015 489 2092 μάντιας,
503 2014 550 2074 καὶ
562 2015 647 2094 χέρας
660 2014 751 2075 ὀπίσω
765 2012 910 2089 δήσαντες,
925 2019 971 2077 καὶ

167 2102 373 2182 στομώσαντες,
382 2107 559 2184 κατειργνῦσι
569 2107 597 2165 ἐς
608 2102 686 2179 μέσα
697 2100 734 2161 τοὶ
747 2100 889 2184 φρύγανα·
902 2103 969 2165 ύπο

167 2190 326 2267 πρήσαντες
340 2191 371 2251 δέ
388 2190 467 2261 αύτδ,
480 2189 589 2251 ἀπιεῖσι
607 2188 791 2266 φοβήσαντες
808 2190 876 2254 τοῦς
887 2192 969 2267 βοῦς·

167 2280 273 2339 πολλοὶ
283 2276 340 2357 ’μὲν
352 2278 386 2356 δή
405 2277 657 2360 συγκατακαίονται
669 2280 746 2336 τοῖσι
761 2276 881 2353 μάντισι
891 2280 968 2355 βόες,

167 2367 273 2425 πολλοὶ
285 2367 315 2426 δὲ
328 2366 554 2445 περικεκαυμένοι
567 2363 772 2446 ἀποφεύγουσι,
782 2364 867 2426 ἐπεὰν
879 2366 968 2430 αι’ντιῦν

166 2450 183 2510 ὁ
195 2452 282 2528 ῥυμός
294 2456 465 2533 κατακαυθῇ.
504 2453 688 2514 κατακαίουσι
698 2453 728 2511 δὲ
738 2452 832 2531 τρόπῳ
844 2457 885 2533 τῷ
898 2459 967 2533 εἰρη-

165 2540 238 2616 μένῳ
251 2539 298 2597 καὶ
310 2537 345 2597 δι’
357 2538 450 2603 ἄλλος
460 2541 549 2605 αἰτίας
558 2540 622 2603 τοῦς
630 2538 756 2617 μάντιας,
765 2539 968 2617 ψευδομάντιας

166 2624 320 2689 καλέοντες.
360 2624 425 2689 τοῦς
443 2626 466 2685 δ’
484 2624 518 2686 ἂν
533 2626 682 2705 ἀποκτείνῃ
700 2625 848 2704 βασιλεῦς,
862 2628 967 2691 τούτων

165 2711 229 2792 οῦδὲ
252 2713 317 2778 τοῦς
339 2714 441 2778 παῖδας
464 2714 564 2775 λείπει·
589 2713 667 2774 α’λλδ
690 2713 783 2775 πάντα
804 2714 842 2775 τὰ
865 2716 967 2795 ἔρσενα

165 2803 270 2872 κτείνει,
283 2802 319 2862 τοὶ
332 2802 362 2861 δέ
375 2802 464 2877 θήλεα
477 2800 527 2861 οῦκ
541 2802 651 2861 ἀδικέει.

116 2887 156 2943 70
199 2885 302 2961 Ὀρκια
324 2889 354 2947 δὲ
374 2892 515 2949 ποιεῦνται
535 2888 642 2952 Σκύθαι
665 2885 726 2959 ωδε,
747 2888 820 2967 πρδς
842 2890 910 2956 τοῦς
932 2890 966 2953 ἂν

163 2972 318 3033 ποιέωνται·
338 2980 367 3037 ἐς
387 2974 487 3034 κύλικα
505 2974 634 3080 μεγάλην
654 2977 805 3053 κεραμίνην
825 2977 935 3038 οἴνον’
921 3006 964 3060 εγ-

160 3056 281 3130 χεαντες,
290 3061 361 3169 οἶμα
370 3062 566 3141 συμμίσγουσι
575 3086 631 3120 των
639 3061 676 3120 τὰ
685 3062 767 3138 ὅρκια
776 3066 963 3173 ταμνομένων,

159 3138 324 3240 τύψαντες’
307 3148 405 3204 οπέαπι
418 3146 436 3220 ἢ
451 3145 629 3221 ἐπιταμόντες
641 3150 770 3228 μαχαίρῃ
783 3152 905 3228 σμικρὰν
913 3156 964 3211 τοῦ

159 3220 298 3294 σῶμικτος·
326 3231 373 3285 καὶ
396 3231 490 3289 ἔπειτα
510 3230 750 3308 ἅπαβιίψιιντες’
736 3261 765 3298 ες
787 3236 840 3311 τήν
861 3236 962 3297 κυλικα
