2150 3500
179 129 212 178 84
488 125 674 175 ἯΡΟΔΟΤΟΤ
960 121 997 188 [Ι.

173 209 269 285 Κᾶρες
283 207 336 284 μὲν
351 203 500 286 ἀπιγμένοι
516 209 544 268 ές
561 203 613 280 τήν
629 203 745 282 ἤπειρον
758 208 789 264 ἐκ
804 207 862 264 τῶν
880 202 997 280 νήσων.

173 293 208 354 τά
220 293 276 376 γάρ
293 292 416 354 παλαιάν
434 292 524 357 ἐόντες
539 293 620 353 Μίνω
632 319 664 352 τε
677 291 808 367 κατήκοοι
822 292 870 351 καὶ
886 292 997 352 καλεό-

173 407 254 459 μενοι
272 382 402 464 Λέλεγες,
419 381 496 460 εἶχον
510 379 562 444 τάς
578 379 682 456 νήσους
700 379 790 457 φόρον
809 381 862 457 μὲν
886 379 997 440 οὐδένα

174 468 379 540 ὑποτελέοντες,
396 467 467 531 ὅσον
481 469 527 527 καὶ
540 467 594 550 ἐγά
609 466 722 532 δυνατός
736 471 792 545 εἶμι
803 467 996 545 μακρότατον

175 558 317 628 ἐξικέσθαι
334 557 414 636 ἀκοῇ,
433 559 461 617 οἱ
478 556 516 625 δὲ,
535 555 605 620 ὅκως
618 556 713 619 Μίνως
726 555 825 626 δέοιτο,
840 555 995 634 ἐπλήρουν

175 648 203 705 οἶ
221 644 272 710 πάς
289 646 362 710 νέας·
390 643 439 704 ἀτε
459 644 489 704 δὲ
508 643 590 704 Μίνω
609 669 641 704 τε
660 643 912 720 κατεστραμμένου
931 649 994 726 γῆν

175 733 289 810 πολλήν
306 734 353 793 καὶ
369 731 544 812 εὐτυχέοντος
562 736 601 811 τῷ
615 731 740 810 πολέμῳ,
757 731 791 792 τά
805 731 939 808 Καρικόν
953 731 993 810 ἦν

175 822 253 885 ἔθνος
265 820 458 901 λογιμώτατον
475 823 531 880 τῶν
544 819 642 880 ἐθνέων
656 818 785 880 ἀπόντων
798 819 868 879 κατά
880 823 992 881 τοῦτον

175 906 235 985 ἀρα
259 907 309 968 τάν
334 906 436 986 χρόνον
460 911 558 986 μακρῷ
583 906 720 984 μάλιστα·
750 907 878 983 καίσφι
902 907 991 985 τριξά

175 994 348 1074 ἐξευρήματα
367 994 484 1076 ἐγένετο,
510 999 589 1056 τοῖσι
609 997 636 1054 οί
651 994 791 1072 Ἕλληνες
811 993 988 1074 ἐχρήσαντο·

176 1083 223 1143 καὶ
243 1082 299 1166 γάρ
323 1083 369 1144 ἐπὶ
390 1082 427 1142 τά
447 1082 548 1161 κριίνεα
572 1081 681 1160 λόφους
703 1083 865 1144 ἐπιδέεσθαι
887 1085 989 1161 Κᾶρές

174 1176 232 1237 εἶσι
243 1174 271 1231 οἶ
283 1171 487 1242 καταδέξαντες,
506 1170 552 1230 καὶ
566 1170 612 1230 ἐπὶ
624 1169 674 1234 τάς
687 1168 808 1234 ἀσπίδας
820 1169 857 1229 τά
870 1172 988 1248 σημήῖα

175 1257 330 1330 ποιέεσθαι,
347 1260 393 1319 καὶ
412 1258 501 1338 ὄχανα
520 1257 627 1319 ἀσπίσι
646 1255 726 1318 αὐτοί
741 1262 797 1319 εἰσι
812 1260 841 1320 οἱ
859 1259 986 1336 ποιησαί-

138 1416 142 1421 ,
174 1375 254 1427 μενοι
273 1352 388 1426 πρῶτοι·
415 1348 484 1411 τέως
508 1347 539 1406 δὲ
565 1345 628 1407 ἀνευ
654 1344 762 1426 ὀχάνων
785 1345 908 1423 ἐφόρεον
930 1339 986 1412 τάς

175 1436 297 1501 ἀσπίδας
312 1434 413 1500 πάντες
428 1436 508 1512 αἴπερ
525 1434 648 1495 ἐώθεσαν
664 1432 769 1494 ἀσπίάι
784 1434 922 1514 χρέεσθαι
938 1461 985 1496 τε·

175 1528 291 1604 λαμῶσι
308 1522 465 1585 σκυτίνοισι
478 1523 651 1598 οἰηκίζοντες,
664 1523 729 1600 περὶ
745 1525 823 1582 τοῖσι
835 1520 938 1600 αὐχέσι
951 1549 985 1585 τε

175 1612 222 1671 καὶ
234 1614 312 1672 τοῖσι
323 1609 501 1688 ἀριστεροῖσι
513 1608 617 1687 ὤμοισι
628 1610 823 1688 περικείμενοι.
855 1609 929 1686 μετά
941 1611 982 1682 δὲ,

174 1697 241 1763 τούς
260 1700 359 1775 Κᾶρας
377 1696 469 1778 χρόνῳ
488 1695 608 1775 ὕστερον
627 1700 728 1777 πολλῷ
748 1698 867 1775 Δωριέες
880 1723 915 1758 τε
933 1701 982 1759 καὶ

170 1786 264 1849 Ἴωνες
283 1785 473 1862 ἐξανέστησαν
493 1789 524 1845 ἐκ
539 1790 594 1847 τῶν
610 1784 713 1862 νήσων·
734 1786 781 1845 καὶ
797 1785 868 1845 οὕτω
884 1790 913 1849 ἐς
926 1786 982 1863 τήν

174 1873 290 1952 ήπειρον
302 1872 445 1933 ἀπίκοντο.
479 1871 550 1933 κατά
562 1876 614 1950 μὲν
626 1873 660 1949 δή
675 1876 774 1951 Κᾶρας
786 1871 857 1933 οὕτω
869 1877 981 1951 Κρῆτες

175 1962 295 2043 λέγουσι
311 1961 455 2044 γενέσθαι·
475 1960 508 2021 οὐ
526 1962 623 2038 μέντοι
635 1959 724 2021 αὐτοί
736 1986 771 2044 γε
788 1959 980 2041 ὁμολογέουσι

174 2047 301 2110 ποιίτοισι
324 2052 352 2109 οἶ
372 2053 474 2127 Κᾶρες,
495 2047 575 2109 ἀλλά
597 2048 743 2125 νομίζουσι
764 2047 843 2108 αὐτοὶ
864 2050 980 2114 ἑωυτούς

176 2138 246 2198 εἶναι
267 2136 439 2218 αὐτόχθονας
460 2135 623 2215 ήπειρότας,
647 2136 693 2195 καὶ
718 2140 757 2215 τῷ
784 2134 919 2214 οὐνόματι
940 2143 980 2217 τῷ
1057 2178 1058 2223 γ

175 2226 249 2306 αὐτῷ
264 2226 309 2287 ἀεὶ
326 2226 543 2306 διαχρεωμένους
560 2228 651 2305 τῷπερ
673 2228 730 2285 νῦν·
752 2221 933 2284 ἀποδεικνῦσι
948 2226 979 2286 δὲ

176 2319 207 2374 ἐν
225 2312 395 2374 Μυλάσοισι
414 2312 483 2376 Διύς
498 2312 607 2390 Καρίου
628 2310 688 2389 ἶράν
703 2310 830 2395 ἀρχαῖον,
848 2316 899 2372 τοῦ
918 2318 978 2373 Μυ-
1057 2344 1058 2397 5

175 2405 256 2461 σοῖσι
284 2403 336 2477 μὲν
361 2401 408 2459 καὶ
433 2399 554 2459 Λυδοῖσι
578 2399 694 2476 μέτεστι
720 2399 756 2463 ὥς
782 2398 978 2481 κασιγνήτοισι
1057 2400 1058 2431 ³

175 2491 255 2547 ἐοῦσι
267 2490 344 2546 τοῖσι
356 2487 467 2563 Καρσί·
486 2485 537 2545 τάν
555 2486 611 2567 γάρ
631 2486 725 2548 Λυδάν
746 2488 792 2547 καὶ
810 2487 860 2548 τάν
876 2488 978 2549 Μυσάν

175 2575 295 2655 λέγουσι
316 2572 387 2632 εἶναι
408 2571 504 2651 Καράς
525 2572 689 2650 ἀδελφεούς·
718 2575 844 2636 τούτοισι
865 2577 918 2652 μὲν
942 2576 976 2653 δή

174 2663 298 2740 μέτεστι·
319 2658 385 2721 ὅσοι
406 2661 437 2720 δὲ
457 2659 548 2725 ἐόντες
569 2660 661 2723 ἄλλου
681 2663 773 2726 ἔθνεος
793 2662 976 2745 ὁμόγλωσσοι
1057 2654 1058 2679 ³

129 2753 271 2812 172τοῖσι
284 2748 381 2825 Καρσὶ
394 2747 530 2830 ἐγένοντο,
549 2748 677 2811 τούτοισι
689 2751 720 2810 δὲ
733 2749 765 2811 οὐ
779 2750 860 2828 μέτα.
898 2754 934 2810 Οί
947 2750 976 2811 δὲ

174 2838 292 2901 Καύνιοι
304 2836 479 2917 αὐτόχθονες,
495 2838 599 2899 δοκέειν
617 2839 687 2917 ἐμοὶ,
702 2839 770 2899 είσίι
791 2838 870 2898 αὐτοὶ
882 2840 975 2915 μέντοι

174 2933 205 2987 ἐκ
218 2927 333 3005 Κρήτης
346 2925 421 3001 φασὶ
434 2924 513 2985 εἶναι·
527 2926 783 3006 προσκεχωρήκασι
796 2926 827 2985 δὲ
838 2929 974 3005 γλῶσσαν

173 3017 225 3091 μὲν
248 3014 318 3091 πράς
337 3012 371 3073 τά
395 3012 521 3095 Καρικάν
542 3014 628 3082 ἔθνος,
651 3012 670 3088 ἢ
692 3016 719 3073 οἱ
740 3018 833 3091 Κᾶρες
852 3012 922 3091 τράς
940 3015 973 3074 τὸ

174 3100 323 3161 Καυνικόν·
349 3103 433 3159 τοῦτο
451 3097 508 3179 γάρ
529 3096 579 3156 οὐκ
602 3102 656 3175 έχω
677 3097 810 3178 ἀτρεκέως
830 3100 971 3177 διακρῖναι·

173 3187 287 3264 νόμοισι
306 3187 337 3245 δὲ
355 3185 490 3263 χρέωνται
507 3183 740 3261 κεχωρισμένοισι
755 3185 866 3248 πολλάν
878 3191 932 3247 τῶν
942 3212 973 3247 τε

173 3272 270 3333 ἀλλων
286 3270 437 3349 ἀνθρώπων
453 3270 499 3327 καὶ
517 3274 629 3346 Καρῶν.
662 3275 739 3330 τοῖσι
751 3272 806 3352 γὰρ
819 3272 972 3334 κάλλιστόν
