2150 3500
103 106 215 173 υι-υο]
391 106 620 159 mmmmm
697 100 701 110 '
858 90 906 164 τοο

102 185 180 265 παχύ
208 186 255 246 καί
280 185 382 263 μέλαν·
418 185 523 263 οὔνομα
549 186 638 245 δὲ’
599 212 639 264 τῳ
658 186 827 264 ἇτορρέαντί
844 194 908 254 ε’στι

103 272 190 353 ἀσχυ·
207 277 292 334 τοῦτο
306 298 352 332 και
342 274 495 384 λείχουσι
504 299 552 332 και
541 273 686 355 γάλακτι
699 276 909 389 συμμίσγοντες

103 362 226 433 πίνουσι,
248 361 295 420 καὶ
312 360 368 421 οἰπά
386 364 438 436 τῆς
457 360 619 471 παχύτητος
634 359 720 421 αύτοῦ
738 367 789 438 τῆς
804 365 927 447 τρυγός

103 448 235 513 παλάθας
262 448 434 518 συντιθέασι,
456 449 503 508 καί
522 448 624 512 ταύτας
650 448 800 510 σιτέονται·
840 452 909 531 πρό-

102 538 182 613 βατα
196 534 253 617 γάρ
269 540 326 611 σφι
341 535 374 611 qt}
394 534 492 595 πολλό
504 540 577 595 ἔστι·
598 534 630 595 ού
647 535 703 617 γάρ
716 562 744 596 τι
757 540 909 602 σπουδαῖαι

103 622 188 701 νομαὶ
208 622 307 687 αύτόθι
328 624 394 684 εἰσί·
414 622 470 683 ύτά
492 623 607 735 δενδρέῳ
627 623 657 682 δὲ
679 624 796 691 ἕκαστος
816 629 908 688 κατοί-

104 736 196 788 κηται·
216 736 265 771 τον
282 714 334 787 μὲν
349 714 480 792 χειμῶνα,
498 710 582 770 ε’τεάν
602 736 635 771 το
626 710 776 789 δένδρεον
795 739 907 792 περικα-

105 798 184 907 λύφη
197 799 272 877 πιλῳ
288 824 396 879 στεγνιρ
382 801 511 877 λευκῷ,
531 824 565 857 το
557 796 615 856 δὲ
631 798 748 875 θέρος”
729 826 794 860 ανευ
811 803 908 864 πίλους

104 886 219 950 τούτους
233 858 322 950 ούδείς
334 886 436 946 ἀδικέει
452 878 645 963 ἀνθρώπων*
636 886 690 963 ιροί
705 886 761 968 γάρ
776 890 908 969 λέγονται

60 1000 64 1007 ’
106 973 186 1033 εἶναι·
207 971 271 1039 ούδέ
282 972 421 1050 τιάρήῖον
434 972 557 1033 ότλον’
544 973 679 1032 εκτέαται·
700 975 746 1033 καὶ
761 980 909 1054 τοῦτομὲν

105 1064 184 1121 τοῖσι
199 1064 387 1139 περιοικέουσι
405 1058 485 1120 οὗτοί
498 1064 555 1119 εἰσι
575 1063 602 1119 οἰ
617 1060 668 1123 τὰς
686 1061 823 1140 διαφοράς
840 1064 908 1125 διαι-

105 1148 224 1225 ρέοντες·
240 1148 364 1209 τοῦτοδὲ
376 1146 408 1211 ὃς
420 1144 454 1207 οἰν
464 1148 575 1227 φεύγων
584 1148 732 1229 καταφύγῃ
747 1156 774 1213 ἐς
785 1150 907 1225 τούτους,

106 1234 155 1295 ἀπ’
171 1234 281 1299 ούδενάς
298 1234 444 1296 ἀδικέεται·
464 1234 570 1312 οὕνομα
590 1235 622 1295 δέ
641 1236 700 1311 σφί
718 1237 908 1319 ἐστιἈργιπ·

107 1324 197 1384 ταῖοι,

149 1408 245 1490 Μέχρι
269 1410 323 1486 μέν
347 1434 397 1470 νυν
418 1412 473 1470 τῶν
494 1412 650 1488 φαλακρῶν
674 1410 787 1483 τούτων,
811 1411 957 1489 τολλὴ24

107 1497 274 1576 περιφάνεια
300 1500 351 1573 τῆς
376 1496 468 1576 χιύρης
494 1498 565 1569 ἐστὶ,
592 1499 639 1557 καὶ
666 1503 721 1560 τῶν
750 1501 910 1577 ἔμπροσθεν

109 1588 217 1648 ἐθνέων·
231 1587 277 1646 καί
289 1586 345 1667 γάρ
356 1586 482 1650 Σκυθέων
491 1588 564 1650 τινές
574 1585 749 1648 ἀπικνέονται
762 1594 790 1651 ἐς
800 1588 908 1659 αύτούς,
962 1652 966 1660 ,

107 1676 164 1735 τάν
182 1672 214 1734 ού
231 1672 360 1755 χαλεπόν
377 1676 439 1734 έστι
458 1673 607 1746 πυθέσθαι,
626 1676 673 1734 καί
690 1675 836 1753 Ἑλλήνων
855 1680 910 1738 τῶν

33 1835 35 1838 ¹
110 1769 141 1824 ἐκ
154 1761 345 1842 Βορυσθένεός
360 1786 391 1821 τε
412 1763 547 1841 ἐμπορίου
567 1764 685 1826 καὶτῶν
700 1764 796 1830 ἀλλων
808 1772 909 1826 Ποντι-

110 1854 166 1912 κῶν
177 1852 332 1929 -έμπορίων
353 1851 481 1915 Σκυθέων
498 1851 528 1910 δὲ
544 1851 571 1910 οἰ
588 1849 623 1912 ἂν
638 1853 743 1914 ἔλθωσι
763 1859 789 1918 ἐς
802 1853 909 1924 αύτούς,

110 1938 145 1999 δι’
166 1938 236 2000 ἔπτὰ
253 1938 390 2016 ἑρμηνέων
407 1939 454 1998 καί
472 1937 506 1997 δι’
519 1939 590 1998 ἕπτοὶ
607 1942 762 2020 γλωσσέων
775 1941 909 2018 διαπρήσ-

110 2053 219 2088 σονται.
267 2027 362 2104 Μέχρι
380 2028 433 2103 μὲν
452 2024 487 2101 δῆ
507 2026 612 2086 τούτων
630 2026 805 2107 γινώσκεται·
825 2029 858 2088 τό
879 2029 957 2087 δέ25

110 2118 166 2176 τάν
179 2117 331 2191 φαλακρῶν
348 2113 501 2189 κατύπερθε
515 2112 604 2176 ούδείς
621 2112 755 2191 ἀτρεκέως
768 2115 825 2174 οἶδε
838 2115 909 2192 φρά-

111 2228 172 2264 σαι·
206 2201 289 2280 οὕρεά
307 2227 339 2261 τε
358 2201 413 2282 γάρ
440 2199 539 2278 ύψηλά
564 2200 720 2276 ἀποτάμνει
740 2200 844 2278 ἄβατα,
865 2202 912 2260 καί

112 2290 201 2355 ούδείς
216 2295 294 2366 σφεα
312 2288 485 2366 ύτερβαίνει·
507 2291 534 2347 οἰ
554 2287 584 2347 δὲ
605 2289 748 2364 φαλακροὶ
769 2287 846 2349 οὗτοι
865 2289 928 2348 λέ·.

109 2405 196 2461 γουσι
209 2378 284 2456 (ἐμοὶ
296 2380 348 2452 μὲν
360 2375 393 2436 ού
406 2375 496 2436 πιστά
513 2375 655 2456 λέγοντες)
670 2378 767 2437 οἰκέειν
779 2377 816 2436 τά
829 2376 912 2454 ούρεα

112 2467 258 2549 αἰγίποδας
285 2464 393 2542 ἄνδρας·
430 2463 587 2541 ύπερβάντι
613 2464 643 2523 δὲ
670 2464 784 2529 τούτους
808 2465 913 2529 ἀλλους
974 2542 976 2545 ¹

112 2555 282 2634 ἀνθρώπους,
302 2552 330 2612 οἰ
343 2552 395 2628 τὴν
412 2551 549 2628 ἑξάμηνον
567 2551 742 2614 καθεύδουσι.
782 2554 913 2614 τοῦτοδὲ

113 2641 163 2704 ούκ
184 2640 327 2718 ἐνδέκομαι
347 2638 423 2721 [τήν]
439 2638 538 2717 ἀρχήν·
559 2639 638 2699 ἀλλά
657 2640 691 2701 τό
711 2645 764 2718 μὲν
782 2642 853 2718 πρός
871 2641 914 2716 ἦοί

111 2733 168 2790 τῶν
188 2731 342 2806 φαλακρῶν
367 2726 534 2807 γινώσκεται
558 2726 725 2809 [ἀτρεκέως]
744 2728 799 2788 ύπδ
817 2727 914 2803 Ἰσση·

113 2817 199 2879 δόνων
213 2815 380 2892 οἰκεόμενον·
400 2814 433 2874 τό
453 2815 549 2891 μέντοι
565 2814 720 2891 κατύπερθε
739 2813 810 2891 πρός
822 2815 915 2891 βορῆν

113 2906 217 2983 ἄνεμον
230 2902 263 2963 ού
278 2900 453 2984 γινιύσκεται,
467 2901 531 2962 οὔτε
544 2903 600 2960 τιΐιν
616 2905 769 2978 φαλακρῶν
781 2900 845 2960 οὕτε
860 2904 916 2962 τιΐιν

114 2991 293 3071 Ἰσσηδόνων,
321 2994 345 3049 εἰ
370 2989 411 3066 μή
438 2988 495 3050 ὅσα
521 2987 612 3048 αύτῶν
637 2988 743 3051 τούτων
767 2988 915 3069 λεγόντων.

114 3083 242 3160 Νόμοισι
261 3079 290 3138 δὲ
305 3075 467 3152 Ἰσσηδόνες
483 3073 618 3136 τοιοισίδε
632 3077 764 3156 λέγονται
781 3077 915 3154 χρᾶσθαι·
925 3077 963 3137 26

114 3170 199 3233 ἐπεάν
213 3168 292 3246 ἀνδρὶ
304 3164 432 3242 ἀποθάνῃ
449 3163 552 3239 πατὴρ,
567 3163 594 3220 οἰ
611 3163 801 3240 προσήκοντες
817 3163 917 3234 πάντες

114 3256 296 3339 προσάγουσι
311 3247 453 3326 πρόβατα·
493 3251 540 3309 καί
555 3249 650 3309 ἔπειτα
665 3255 754 3312 ταῦτα
772 3249 914 3325 θύσαντες,

200 3345 230 3390 23
