2150 3500
85 110 195 178 27-32]
375 114 602 167 ΜΕΛΠΟΜΕΝΗ.
838 117 887 168 291
1038 75 1040 140 ἰ

85 196 193 265 τοῦτον,
206 192 318 270 ἦμίονοι
330 194 361 254 δὲ
374 195 420 253 καὶ
433 193 492 255 ὄνοι
506 194 556 255 ούκ
569 194 717 274 α’νέχονται
730 195 830 276 α’ρχήν·
849 200 887 275 τῇ
1040 189 1041 192 ¹

85 278 116 339 δὲ
129 280 205 360 ἄλλῃ
219 282 300 342 ἵπποι
312 284 364 360 μὲν
385 286 415 342 ἐν
434 286 528 361 κρυμῷ
546 286 677 346 ἑστεῶτες
691 282 887 359 ἀποσφακελί-

85 367 175 437 ζουσι,
198 366 258 428 όνοι
280 369 311 428 δὲ
337 368 383 428 καὶ
403 367 515 446 ἡμίονοι
537 369 694 449 ἀνέχονται.
735 370 834 430 Δοκέει
857 370 889 429 δέ
896 372 933 435 29

84 478 134 521 μοι
152 455 198 513 καὶ
217 454 251 515 τό
268 456 349 537 γένος
365 458 421 517 τῶν
438 457 521 532 βοῶν’
536 457 570 516 τῶ
588 456 674 517 κόλον
692 456 738 517 διὰ
752 462 841 518 ταῦτα
854 456 886 517 ού

84 540 167 615 φύειν
179 542 260 619 κέρεα
273 542 380 604 αύτόθι·
400 545 549 622 μαρτυρέει
561 539 593 603 δέ
607 570 662 622 μου
680 548 718 625 τῇ
729 544 827 627 γνώμῃ
841 545 887 605 καὶ

82 628 210 707 Ὀμήρου
224 631 289 694 ἔπος
302 635 331 691 ἒν
343 630 505 711 Ὀδυσσείῃ,
520 630 585 714 ἔχον
599 629 661 691 ὦδε·

149 719 201 767 Καὶ
216 720 316 782 Διβυην,
335 716 374 769 ὅθι
389 718 412 768 τ’
427 718 494 782 ἄρνες
510 721 579 783 ἄφαρ
595 721 676 782 κεραοί
692 721 826 770 τελέθουσι·

82 786 174 864 ὀρθῶς
196 790 347 865 εἰρημένον,
370 794 399 851 ἓν
418 794 497 850 τοῖσι
518 791 650 868 θερμοῖσι
667 790 740 869 ταχιί
764 791 884 871 παραγί-

82 876 182 935 νεσθαι
194 876 231 936 τοὶ
245 876 334 955 κέρεα·
355 882 385 937 ἐν
400 876 430 936 δὲ
445 880 522 937 τοῖσι
539 881 685 956 ἰσχυροῖσι
700 875 837 955 ψύχεσιῆ
851 876 885 936 ού

82 962 150 1037 φύει
162 964 243 1040 κέρεα
260 963 296 1024 τεί
312 963 413 1039 κτήνεα
432 963 532 1044 α’ρχην,
546 963 565 1040 ἢ
578 964 687 1041 φύοντα
706 964 772 1041 φύει
790 964 883 1045 μόγις.

23 1094 27 1101 -
81 1050 202 1111 ἐνθαῦτα
213 1052 266 1127 μέν
278 1076 327 1113 νυν
339 1051 385 1111 διεί
397 1051 433 1113 τιί
446 1052 538 1131 ψύχεα
552 1052 658 1133 γίνεται
670 1057 767 1113 ταῦτα.
809 1059 883 1111 Θωυ-
891 1054 932 1114 30

79 1137 159 1213 μείζω
175 1138 213 1210 δὲ,
232 1137 407 1219 (προσθήκας
421 1138 479 1220 γὰρ
496 1139 530 1215 δή
546 1165 596 1215 μοι
610 1139 627 1200 ὁ
642 1139 728 1220 λόγος
748 1139 779 1208 ἐξ
793 1139 882 1218 ἀρχῆς

80 1224 210 1307 ε’δίζητο,)
224 1225 268 1287 ὅτι
285 1231 315 1287 ἒν
333 1230 371 1304 τῇ
384 1225 486 1305 Ἠλείῃ
501 1225 583 1306 παίσῃ
602 1226 680 1306 χαίρῃ
701 1225 734 1286 ού
755 1226 882 1290 δυνέαται

78 1313 211 1394 γίνεσθαι
235 1313 355 1392 ἡμίονοι,
380 1312 444 1375 ούτε
469 1318 580 1393 ψυχροῦ
602 1318 653 1375 τοῦ
676 1313 769 1393 χοίρου
790 1312 884 1377 ἐόντος

79 1400 145 1461 οὔτε
157 1400 250 1463 ἄλλου
270 1406 394 1480 φανεροῦ
414 1402 503 1462 αἰτίου
524 1401 643 1465 ούδενός·
665 1402 740 1478 φασὶ
758 1400 788 1459 δὲ
804 1398 885 1460 αύτοί

77 1486 191 1549 Ἠλεῖοι
212 1494 243 1549 ἐκ
264 1488 385 1567 κατάρης
404 1514 452 1550 τευ
469 1488 501 1549 ού
518 1490 651 1570 γίνεσθαί
669 1496 726 1565 σφι
741 1487 882 1565 ἡμιόνους

78 1573 147 1635 ἀλλ’
167 1576 252 1637 ἔπεοίν
271 1578 378 1656 προσίῃ
397 1577 417 1653 ἡ
438 1575 494 1654 ὥρη
514 1577 681 1638 κυΐσκεσθαι
700 1576 752 1640 πῶς
772 1575 882 1645 ἵππους,

78 1662 262 1731 ἐξελαύνουσι
274 1670 302 1728 ἐς
313 1664 378 1728 τούς
390 1663 606 1744 πλησιοχώρους
619 1664 713 1727 αὐτοῖς·
729 1664 775 1722 καὶ
788 1662 883 1723 ἔπειτά

77 1756 137 1828 σφι
157 1755 187 1812 έν
205 1756 243 1832 τῇ
258 1757 315 1813 τῶν
334 1754 423 1816 πέλας
441 1757 545 1813 ἐπιεῖσι
562 1753 628 1817 τούς
645 1752 733 1824 ὄνους,
752 1757 780 1817 ές
795 1749 829 1812 ού
846 1749 881 1812 ιίν

77 1842 175 1918 σχῶσι
188 1843 217 1900 αἰ
231 1840 312 1901 ἵπποι
324 1845 354 1901 ἔν
364 1841 478 1921 γαστρί·
499 1841 594 1901 ἔπειτα
606 1841 637 1900 δὲ
652 1840 745 1901 ὀπίσω
757 1837 879 1899 εἰσελαύ-

77 1951 171 1988 νουσι.
211 1929 286 2006 Περὶ
305 1927 335 1990 δὲ
351 1931 406 1988 τῶν
428 1931 545 2004 πτερῶν,
560 1931 616 1987 τῶν
636 1927 742 1992 Σκύθαι
761 1927 924 2006 λέγουσι31

76 2013 226 2076 ἅνοίπλεων
239 2015 308 2076 εἰναι
320 2014 370 2075 τῶν
381 2014 460 2091 ἠέρα,
474 2014 521 2072 καί
539 2012 644 2075 τούτων
662 2013 752 2072 εἵνεκα
769 2013 821 2072 οὐκ
833 2012 880 2072 οἰό

76 2127 110 2162 τε
128 2101 199 2163 εἰναι
214 2101 278 2164 οὔτε
293 2102 360 2162 ἰδεῖν
378 2100 412 2162 τό
432 2101 531 2177 πρόσω
550 2103 603 2176 τῆς
621 2099 738 2176 ήπείρου
758 2099 822 2158 οὔτε
841 2099 880 2158 δι-

77 2189 189 2261 εξιέναι,
201 2190 283 2266 τήνδε
296 2191 350 2270 έχω
362 2189 428 2267 περὶ
441 2187 530 2248 αὐτῶν
543 2186 596 2262 τήν
607 2186 729 2268 γνώμην·
749 2185 787 2246 τοί
799 2185 879 2247 κατύ-

76 2279 165 2355 περθε
184 2277 286 2354 ταύτης
304 2282 355 2353 τῆς
373 2276 465 2355 χύρης
484 2275 540 2334 αἰεὶ
558 2276 677 2351 νίφεται,
688 2273 831 2339 ’ἐλάσσονι
850 2273 881 2332 δὲ

76 2368 130 2427 τοῦ
143 2366 237 2443 θέρεος
248 2363 268 2442 ἢ
280 2368 331 2425 τοῦ
343 2368 486 2443 χειμῶνος,
500 2362 596 2439 ὥσπερ
610 2363 657 2421 καὶ
673 2361 757 2426 οἰκός·
777 2361 831 2438 ἤδη
845 2358 881 2421 ὧν

77 2453 159 2518 ὅστις
174 2452 298 2534 ἅγχόθεν
314 2451 398 2532 χιόνα
411 2450 499 2528 ἅδρήν
514 2451 675 2511 πίπτουσαν
695 2449 758 2520 εἶδε,
773 2450 830 2509 οἶδε
846 2448 880 2510 τῶ

76 2542 164 2621 λέγω·
185 2543 256 2604 ἔοικε
274 2540 331 2623 γιίρ
347 2538 367 2617 ἦ
386 2537 456 2620 χιιιίν
470 2543 610 2616 πτεροῖσι·
631 2537 678 2598 καί
696 2537 742 2596 διιί
755 2536 806 2598 τῶν
823 2562 880 2616 χει-

77 2632 159 2705 μῶνα
171 2632 270 2690 τοῦτον
283 2628 366 2690 ἐόντα
376 2631 512 2697 τοιοῦτον,
525 2626 643 2703 ἀοίκητα
655 2625 692 2686 τιί
706 2625 777 2703 πρός
788 2627 882 2701 βορῆν

79 2721 145 2776 ε’στι
162 2719 214 2792 τῆς
232 2715 348 2795 ἠπείρου
367 2714 478 2792 ταύτης·
504 2714 542 2776 τῶ
560 2713 596 2774 ῶν
616 2712 706 2789 πτερὰ
725 2712 882 2782 εἰκάζοντας

77 2803 133 2880 τήν
145 2803 227 2883 χιόνα
238 2804 303 2868 τούς
316 2803 426 2868 Σκύθας
441 2826 472 2863 τε
488 2802 534 2862 καί
550 2798 616 2862 τούς
627 2797 784 2875 περιοίκους
797 2797 883 2856 δοκέω

78 2892 185 2972 λέγεινι
224 2894 313 2952 ταῦτα
337 2891 391 2967 μέν
423 2915 472 2951 νυν
504 2888 541 2949 τοὶ
573 2886 688 2968 λέγεται
719 2883 883 2962 μακρότατα

79 2980 197 3056 εἴρηται.

120 3065 316 3144 Ὑπερβορέων
336 3063 366 3124 δὲ
385 3063 450 3141 πέρι
470 3060 621 3140 όνθροίπων
641 3058 705 3120 οὔτε
723 3083 752 3118 τι
775 3054 881 3122 Σκύθαι
891 3055 930 3116 32

78 3153 209 3237 λέγουσι,
218 3152 280 3213 ούτε
292 3155 363 3234 τινὲς
375 3150 462 3212 ἄλλοι
473 3154 529 3210 τῶν
540 3148 628 3228 ταύτῃ
639 3145 797 3222 οἰκημένων,
807 3147 832 3204 εἰ
842 3143 883 3220 μή

76 3241 136 3320 ’ἄρα
150 3239 322 3317 Ἰσσηδόνες·
343 3239 378 3302 ῶς
391 3237 414 3297 δ’
429 3235 483 3319 ε’γῶ
496 3237 589 3306 δοκέω,
603 3233 659 3294 οὐδ’
673 3232 750 3294 οὗτοι
763 3231 882 3312 λέγουσι
