2150 3500
199 115 248 164 146

197 191 340 269 εἰρινέοισι
356 193 454 268 εἵμασι
469 190 622 268 θαφθῆναι,
636 193 698 253 ἐστι
713 189 744 252 δέ
759 191 825 269 περὶ
837 189 973 252 αὐτῶν

199 278 285 360 λόγος
297 277 458 360 λεγόμενος.

151 369 190 429 82
240 367 298 426 Καὶ
310 367 376 426 τάδε
389 365 466 425 ἄλλα
476 365 659 447 Αἰγυπτίοισί
670 371 732 427 ἐστι
744 365 929 444 ἐξευρημένα·
948 369 1006 445 μείς

198 480 231 516 τε
243 455 289 514 καὶ
301 455 392 533 ῆμέρη
406 452 510 530 ἑκάστη
524 455 594 514 θεῶν
608 454 670 514 ύτευ
684 454 755 515 ἐστί·
772 455 819 513 καὶ
831 458 871 534 τῆ
886 455 1007 520 ἕκαστος

197 542 289 621 ἡμέρη
300 541 457 625 γενόμενος,
470 541 578 601 ὁτέοισι
594 541 742 622 ἐγκυρήσει
759 541 807 600 καὶ
822 541 895 605 ὅκως
910 547 1005 602 τελευ-

197 629 280 706 τήσει
287 631 334 690 καὶ
343 627 434 692 ὁκοῖός
444 653 486 692 τις
496 628 585 688 ἐσται·
600 628 646 687 καὶ
653 627 781 688 τούτοισι
789 632 846 689 τῶν
855 628 1005 705 Ἑλλήνων

199 722 227 778 οἱ
240 723 270 778 ἐν
281 717 396 793 ποιήσει
407 715 553 798 γενόμενοι
567 714 734 794 ἐχρήσαντο.
765 715 871 793 τέρατά
883 742 918 777 τε
930 718 1004 776 πλέα

198 811 255 881 σφι
274 804 420 882 ἀνεύρηται
434 801 453 879 ῆ
468 806 546 863 τοῖσι
565 801 683 863 ἄλλοισι
702 801 794 863 ἅπασι
813 802 1002 881 ἀνθρώποισι·

197 891 347 974 γενομένου
372 889 429 972 γαρ
455 891 578 967 τέρατος,
605 890 793 966 φυλάσσουσι
822 891 1002 971 γραφόμενα

197 979 383 1055 τώποβαῖνον·
405 978 451 1036 καὶ
463 977 499 1053 ήν
511 1004 576 1039 κοτε
588 976 707 1056 ὕστερον
722 977 931 1056 παραπλήσιον
942 979 1002 1040 τού·

197 1093 236 1147 τῳ
258 1068 379 1149 γένηται,
404 1065 474 1125 κατὰ
500 1065 589 1126 τῶυτδ
613 1065 759 1143 νομίζουσι
782 1064 1000 1142 ἀποβήσεσθαι.

151 1158 190 1216 83
199 1155 330 1230 Μαντικῆ
351 1155 381 1214 δὲ
404 1152 516 1214 αύτοῖσι
537 1151 589 1213 ὦδε
610 1153 755 1214 διακέεται·
775 1153 933 1231 ἀνθρώπων
951 1158 1001 1233 μὲν

199 1242 289 1304 οὐδενὶ
307 1243 477 1321 προσκέεται
495 1241 515 1317 ἦ
534 1241 628 1322 τέχνη,
643 1246 698 1310 τῶν
718 1243 748 1302 δὲ
768 1243 839 1303 θεῶν
857 1243 999 1319 μετεξετέ·

197 1357 283 1409 ροισι·
305 1331 418 1412 καὶγὰρ
431 1329 589 1406 Ἡρακλέος
605 1329 740 1406 μαντήϊον
755 1327 855 1390 αὐτόθι
875 1332 941 1391 ἐστὶ
957 1333 999 1391 καὶ

198 1418 379 1482 ’Λπόλλωνος
391 1417 438 1477 καὶ
450 1416 600 1493 Ἀθηναίης
612 1419 659 1476 καὶ
671 1417 833 1496 Ἀρτέμιδος
842 1419 891 1478 καὶ
899 1417 1000 1497 Ἀριος

199 1509 245 1566 καὶ
257 1506 335 1576 ’Διός
350 1506 403 1574 καὶ,
417 1503 467 1585 ὅγε
482 1505 612 1581 μάλιστα
630 1510 659 1565 ἐν
674 1510 743 1584 τιμῇ
756 1505 873 1588 ἄγονται
888 1507 999 1568 πάντων

174 1625 177 1629 ·
198 1599 254 1655 τῶν
275 1593 422 1670 μαντηίων,
445 1595 556 1666 Λητοῦς
580 1597 609 1652 ἐν
632 1597 736 1653 Βουτοῖ
756 1591 827 1654 πόλι
850 1594 926 1654 ἐστι’.
968 1594 999 1655 ού

197 1682 293 1759 μέντοι
305 1680 336 1738 αἶ
346 1705 380 1763 γε
393 1678 528 1757 μαντήῖαί
539 1685 596 1757 σφι
609 1680 680 1741 κατὰ
693 1679 781 1742 τιύυτδ
794 1684 907 1754 έστᾶσι,
921 1681 998 1742 α’λλιέ

149 1774 188 1831 84
198 1769 330 1846 διάφοροί
343 1772 408 1828 εἰσι.
441 1766 480 1825 Ἡ
496 1766 526 1826 δέ
541 1769 649 1847 ἰητρικὴ
663 1769 734 1829 κατὰ
746 1768 813 1830 τάδε
825 1776 884 1846 σφι
899 1770 997 1833 δέδασ-

196 1884 252 1918 ται·
266 1861 331 1935 μιῆς
338 1855 441 1917 νούσου
451 1855 569 1921 ἕκαστος
581 1856 672 1935 ἰητρός
682 1862 752 1927 ἐστι,
760 1856 806 1915 καὶ
816 1855 849 1917 ού
860 1859 996 1920 πλεόνων·

196 1946 288 2021 πάντα
308 1944 331 2005 δ’
348 1948 447 2022 ἐητρῶν
464 1945 527 2004 ἐστὶ
546 1945 632 2003 πλέα·
653 1947 679 2004 οἱ
698 1946 750 2021 μὲν
766 1943 822 2025 γὰρ
838 1943 997 2024 ὀφθαλμῶν
1051 1970 1052 2023 η

198 2034 287 2111 ἰητροὶ
300 2032 475 2103 κατεστέασι,
490 2036 517 2091 οἱ
536 2032 566 2090 δὲ
582 2036 716 2108 κεφαλῆς,
731 2035 758 2091 οἱ
775 2031 805 2091 δὲ
818 2030 952 2093 ὀδόντων·
971 2036 997 2095 οἶ

196 2122 227 2182 δὲ
238 2127 294 2183 τῶν
307 2120 378 2181 κατὰ
391 2120 483 2197 νηδύν,
497 2122 524 2179 οἶ
537 2119 567 2177 δέ
580 2123 635 2180 τῶν
649 2118 776 2195 ἀφανέων
789 2117 911 2181 νούσων.
1050 2118 1051 2174 λ

149 2214 187 2271 85
236 2215 341 2287 Θρῆνοι
360 2209 390 2268 δὲ
410 2209 456 2267 καὶ
475 2208 567 2284 ταφαί
585 2213 682 2284 σφεων
700 2208 755 2267 εἶσὶ
774 2206 844 2274 αἵδε·
863 2212 945 2269 τοῖσι
963 2208 995 2271 ἂν
1049 2238 1050 2243 ’

196 2297 367 2379 ἀπογένηται
377 2300 471 2357 ἐκτῶν
481 2296 572 2355 οἰκίων
583 2294 838 2374 ἅνθρωποςτοῆτις
848 2297 896 2356 καὶ
909 2296 994 2379 λόγος

194 2384 222 2463 ᾖ,
237 2386 270 2445 τὰ
285 2386 358 2459 θῆλυ
370 2384 451 2465 γένος
468 2385 526 2443 πᾶν
541 2382 574 2442 τὰ
592 2387 622 2443 ἐκ
637 2386 693 2443 τῶν
707 2383 798 2443 οἰκίων
813 2381 920 2445 τούτων
936 2385 993 2446 κατ’

195 2472 233 2531 ὧν
243 2470 390 2530 ἐπλάσατο
402 2469 455 2546 τήν
464 2469 593 2546 κεφαλήν
605 2475 687 2549 πηλῷ
699 2468 718 2547 ἦ
728 2471 774 2529 καὶ
786 2470 819 2533 τὰ
831 2471 993 2549 πρόσωπον·

196 2558 313 2618 κᾶττειτα
326 2562 355 2618 ἐν
367 2560 444 2617 τοῖσι
457 2558 571 2617 οἰκίοισι
584 2561 721 2619 λιποῦσαι
733 2558 783 2619 τόν
795 2559 901 2637 νεκρόν,
915 2559 993 2621 αι’τταῖ

195 2644 249 2706 dv&
261 2645 314 2722 τήν
325 2645 411 2706 πόλιν
421 2644 633 2723 στρωφώμεναι,
643 2646 793 2708 τύπτονται
806 2648 992 2724 ἐπεζωσμέναι

195 2734 242 2794 καὶ
259 2734 413 2811 φαίνουσαι
429 2732 495 2799 τούς
512 2734 624 2811 μαζούς·
646 2734 701 2795 σύν
714 2734 746 2794 δέ
765 2740 822 2810 σφι
839 2737 869 2794 αἱ
886 2736 991 2813 προσή-

194 2848 296 2883 κουσαι
307 2826 417 2883 πᾶσαι·
430 2822 561 2899 ἑτέρωθεν
573 2822 603 2882 δὲ
620 2824 647 2881 οἱ
660 2820 755 2899 ἅνδρες
769 2821 921 2883 τύπτονται
933 2827 990 2884 ἐτε-

194 2912 332 2988 ζωσμένοι
345 2911 391 2970 καὶ
406 2908 493 2970 οὗτοι·
513 2908 597 2969 ἐπεὰν
610 2910 640 2969 δὲ
654 2912 742 2968 ταῦτα
757 2908 910 2984 ποιήσωσι,
924 2909 990 2971 οὕτω

147 3002 185 3058 86
196 3004 223 3061 ἐς
240 2998 292 3073 τῆν
308 2998 471 3074 ταρίχευσιν
491 2997 646 3072 κομίζουσι.
679 2996 747 3055 Εἰσὶ
768 2996 798 3055 δέ
818 2996 845 3055 οἳ
865 2996 909 3056 ἐπ’
922 2997 990 3077 αὐτῷ

194 3085 282 3164 τούτῳ
305 3087 442 3153 κατέαται,
468 3084 637 3160 καὶτέχνην
660 3084 757 3161 έχουσι
779 3082 883 3161 ταύτην
907 3082 989 3145 οὗτοι·

194 3171 278 3231 ἐπεάν
292 3176 348 3246 σφι
361 3170 484 3247 κομισθῇ
497 3169 592 3243 νεκρδς
605 3168 747 3229 δεικνύασι
764 3173 841 3231 τοῖσι
854 3171 990 3249 κομίσασι

194 3258 406 3335 παραδείγματα
418 3258 520 3333 νεκρῶν
532 3253 631 3323 ξύλινα
643 3259 680 3334 τῆ
691 3262 791 3338 γραφῇ
803 3258 989 3338 μεμιμημένα·
