2150 3500
182 96 231 146 ιτε
274 129 277 132 .
488 95 675 146 τινοιοιυυ
939 91 994 158 [τι

180 171 313 240 Ἀνύσιος
326 174 435 247 πόλιος,
448 180 488 255 τῷ
505 175 611 254 οὕνομα
621 173 742 237 Ἀνυσιν
756 172 837 236 εἶναι·
857 173 907 236 ἐπὶ
927 171 995 233 τού-

182 284 232 321 του
245 262 450 338 βασιλεύοντος
463 263 567 323 ἐλάσαι
586 261 628 322 ἐπ’
640 263 784 345 Αἴγυπτον
795 262 872 342 χειρὶ
889 264 996 338 πολλῇ

181 350 318 414 Αἰθίοπάς
336 376 368 410 τε
388 351 435 410 καὶ
456 352 596 427 Σαβακῶν
614 349 665 412 τδν
684 349 828 411 Αἰθιόπων
847 349 993 426 βασιλέα·

180 436 232 497 τόν
246 440 298 514 μὲν
316 437 350 514 δὴ
363 439 475 513 τυφλόν
486 443 588 499 τοῦτον
601 438 732 516 οἴχεσθαι
747 436 893 517 φεύγοντα
910 440 943 499 ἐς
956 435 994 496 τά

184 524 259 583 ἐλεα·
279 524 329 587 τόν
342 525 372 585 δὲ
386 526 509 587 Αἰθίοπα
526 524 693 602 βασιλεύειν
707 523 853 604 Αἰγύπτου
870 521 913 582 ἐπ’
928 523 994 582 ἔτεα

182 612 364 689 πεντήκοντα·
384 618 415 674 ἐν
427 617 505 675 τοῖσι
516 613 603 675 αὐτόν
614 613 681 674 τάδε
693 610 899 682 άποδέξασθαι·
919 609 994 674 ὅκως

182 702 237 759 τῶν
256 725 299 765 τις
318 702 478 781 Αἰγυπτίων
497 700 618 779 ἁμάρτοι
636 726 674 770 τι,
691 700 804 760 κτείνειν
825 701 879 776 μέν
899 696 994 758 αὐτῶν

186 785 284 846 οὐδένα
297 788 412 850 ἐθέλειν·
432 788 482 851 τόν
495 788 526 849 δέ
535 787 606 848 κατά
618 788 742 868 μέγαθος
753 790 803 847 τοῦ
817 785 994 863 ἀδικήματος

185 873 292 954 ἑκάστῳ
305 875 431 948 δικάζειν,
445 875 637 938 ἐπιτάσσοντα
654 875 773 955 χεύματα
785 877 857 955 χοῦν
869 874 946 953 πρός
956 878 993 953 τῇ

185 964 290 1023 εωυτῶν
301 962 372 1023 πόλι
389 963 488 1026 ὅθεν
474 990 593 1029 εκαστος
612 963 648 1041 ἥν
659 967 715 1024 τῶν
727 961 899 1024 ἀδικεόντων.
946 963 993 1021 καὶ

185 1047 257 1108 οὕτω
269 1051 310 1111 ἔτι
322 1077 352 1111 αι
342 1052 488 1118 ’πόλιες’
475 1053 603 1162 εγένοντο
616 1050 799 1130 ύψηλότεραι
819 1051 853 1110 τό
867 1052 921 1127 μὲν
934 1048 993 1132 γάρ

185 1141 295 1213 πρῶτον
305 1138 503 1219 ἐχώσθησαν
486 1139 542 1200 υπό
555 1143 611 1200 τάν
622 1139 673 1202 τάς
686 1137 821 1217 διώρυχας
834 1135 993 1215 ὀρυξάντων

187 1228 234 1284 ἐπι
223 1224 429 1305 Σεσώστριος
446 1227 594 1304 βασιλέος,
608 1225 722 1303 δεύτερα
739 1225 829 1285 δὲ’
783 1250 831 1286 επι
845 1250 898 1286 του
884 1225 993 1285 Αἰθί-

187 1337 256 1378 οπος
269 1316 316 1374 καὶ
328 1315 417 1393 κάρτα
429 1315 538 1393 ὑψηλαὶ
552 1315 688 1396 ἐγένοντο.

227 1400 373 1482 Ὑψηλέων
385 1403 415 1463 δέ
436 1404 483 1463 καὶ
500 1403 599 1480 ἐτέρων
615 1401 798 1479 τασσομένων
810 1405 841 1462 έν
854 1403 892 1480 τῇ
905 1400 993 1482 Αἰγό-
1012 1401 1014 1405 ’

186 1514 247 1568 πτῳ
259 1491 374 1560 πολίων,
389 1490 424 1554 ὦς
441 1490 503 1568 ἐμοὶ
522 1490 619 1561 δοκέει,
631 1490 760 1567 μάλιστα
774 1491 827 1566 μὲν
839 1487 994 1565 Βουβάστι

188 1574 258 1635 πόλι
282 1575 433 1656 ἐξεχώσθη,
458 1583 488 1638 ἐν
509 1582 546 1656 τῇ
570 1579 617 1638 καὶ
640 1577 699 1655 ἱρόν
721 1583 784 1638 ἐστι
809 1575 994 1652 Βουβάστιος
1051 1599 1052 1618 ·

189 1661 458 1745 ἀξιαπηγητότατον·
478 1666 552 1743 μέζω
572 1668 624 1744 μὲν
641 1666 696 1746 γάρ
714 1664 793 1725 άλλα
808 1665 855 1724 καὶ
868 1665 993 1726 πολυδα-
1051 1621 1052 1704 ί

189 1751 333 1830 πανάτερά
352 1758 415 1814 ἐστι
435 1753 488 1831 ἱροὶ,
506 1754 594 1834 ἡδονῇ
613 1754 644 1815 δέ
664 1754 772 1815 ἰδέσθαι
793 1752 872 1814 οὗδέν
891 1752 993 1815 τούτου

189 1843 311 1915 μᾶλλον·
342 1840 412 1916 ἦδέ
431 1841 596 1915 Βούβαστις
616 1841 686 1902 κατὰ
705 1840 832 1901 Ἐλλάδα
851 1841 994 1921 γλῶσσάν
1050 1804 1051 1895 λ

147 1929 202 1987 138
210 1927 421 2007 ἐστιἈρτεμις.
461 1936 501 1990 'ro
520 1930 551 1989 δέ
572 1929 633 2007 ἶρδν
648 1928 733 2006 αύτῆς
751 1926 804 1989 ὧδε
824 1929 893 2008 ἔχει·
913 1929 994 2005 πλην
1049 2000 1050 2005 ¹

190 2019 241 2091 τῆς
253 2016 362 2093 ἐσόδου,
375 2018 408 2079 τό
422 2017 497 2077 άλλο
510 2017 598 2093 νῆσός
610 2023 680 2077 ἐστι·
706 2022 736 2076 ἐκ
750 2015 806 2097 γάρ
819 2020 870 2077 τοῦ
883 2017 993 2077 Νείλου
1049 2012 1050 2082 λ

190 2103 322 2186 διώρυχες
355 2107 496 2185 ἐσέχουσι,
523 2104 556 2164 06
584 2106 801 2185 συμμίσγουσαι
833 2102 991 2183 ἀλλήλῃσι,

192 2189 258 2251 ἀλλ’
272 2193 338 2273 άχρι
349 2199 400 2270 τῆς
413 2194 513 2254 ἐσόδου
525 2195 577 2254 τοῦ
590 2196 650 2271 ἱροῦ
658 2193 778 2277 ,ἑκατέρη
793 2192 895 2270 ἐσέχει,
908 2192 928 2268 ἡ
942 2196 993 2270 μὲν
1048 2224 1049 2269 γ

193 2283 229 2358 τῇ
254 2282 449 2358 περιρρέουσα,
477 2281 497 2358 ἡ
524 2281 554 2341 δέ
579 2285 624 2360 τῇ,
656 2280 733 2358 εὖρος
762 2285 850 2339 ἐοῦσα
875 2282 992 2359 ἑκατέρη

193 2366 291 2426 ἑκατόν
303 2368 396 2428 ποδῶν
412 2368 537 2445 δένδρεσι
556 2368 715 2432 κατάσκιος·
734 2368 771 2429 τά
784 2368 815 2427 δὲ
829 2366 992 2445 προπύλαια
1047 2428 1048 2431 ,

191 2452 262 2530 ὕψος
277 2456 329 2530 μὲν
347 2454 414 2515 δέκα
429 2454 561 2535 ὀργυιέων
574 2456 644 2527 ἐστὶ,
656 2455 772 2516 τύποισι
790 2456 820 2515 δέ
838 2455 992 2535 ἑξαπήχεσι
1047 2446 1048 2458 ¹

191 2539 427 2611 ἐσκευάδαταιἙ
390 2569 409 2601 α
410 2542 496 2611 ξίοισι
511 2543 610 2625 λόγου·
632 2543 742 2604 ἐδνδ’
729 2570 758 2605 εν
776 2544 853 2622 μέση
868 2569 907 2653 τη
892 2544 992 2604 πόλι

193 2625 226 2687 τό
245 2625 306 2705 ἱράν
324 2634 476 2706 κατορᾶται
495 2630 634 2693 πάντοθεν
646 2630 788 2708 περιϊόντι·
809 2628 859 2691 ἅτε
871 2630 925 2712 γάρ
941 2636 991 2707 τῆς

192 2714 343 2780 πόλιος
309 2743 362 2794 μεν
375 2719 583 2798 ἐκκεχωσμένης
595 2718 669 2798 6606
687 2744 737 2779 του
724 2717 803 2779 δΗ
795 2722 855 2794 ιροΰ
876 2716 908 2777 06
920 2744 990 2779 κεκι·

192 2805 317 2880 νημένου,
332 2805 367 2869 ὦς
380 2805 503 2886 άρχῆθεν
516 2806 634 2882 ἐποιήθη
646 2806 767 2867 ἐσοπτόν
779 2810 851 2865 ἐστι·
871 2806 990 2881 περιθέει

124 2940 131 2956 ,
192 2890 216 2950 δ’
240 2891 307 2952 αύτὸ
334 2893 455 2969 αἱμασιῆ
482 2894 695 2973 ἐγγεγλυμμένη
717 2888 842 2953 τόποισι·
877 2893 938 2952 ἐστι
960 2894 990 2952 δὲ

192 2978 296 3039 ἔσωθεν
332 2979 423 3043 άλσος
451 2979 583 3056 δενδρέων
611 2982 752 3060 μεγίστων
784 2979 989 3056 πεφυτευμένον
1044 3004 1045 3011 ’

192 3066 257 3141 περὶ
276 3065 343 3141 νηόν
361 3066 459 3147 μέγαν,
475 3070 506 3125 ἐν
524 3069 563 3142 τῷ
583 3066 617 3140 δὴ
636 3065 774 3147 τῶγαλμα
794 3069 842 3127 ἐνι·
864 3065 941 3143 εὖρος
960 3068 987 3126 δὲ

194 3152 240 3208 καὶ
258 3156 348 3226 μῆκος
364 3156 415 3211 τοῦ
432 3154 492 3229 ἶροῦ
511 3150 603 3225 πάντη
624 3154 740 3212 σταδίου
759 3153 829 3214 ἐστί·
851 3152 920 3213 κατά
937 3156 987 3230 μὲν
1043 3176 1044 3210 ι

191 3233 293 3311 δῆτὴν
307 3238 415 3307 ἔσοδον,
428 3236 587 3313 ἐστρωμένη
601 3239 664 3297 ἐστὶ
676 3238 741 3302 ὁδός
759 3240 841 3301 λίθου
859 3241 905 3299 ἐπὶ
919 3264 987 3303 στα-
