2150 3500
191 99 242 153 ιιι
487 97 677 150 Ἢυυιουου
944 91 996 158 [11.

188 179 274 256 μένας
285 177 400 256 ημέρας·
416 178 494 256 τῇδὲ
507 176 695 256 τελευταίη’
664 163 762 246 ειιέῖσι
774 179 805 234 ἐκ
817 178 870 252 τῆς
884 175 997 282 κοιλίης

188 266 241 342 την
256 266 420 343 κεδρίην,
385 292 438 341 την
452 269 557 341 ἐσῆκαν
569 264 714 341 πρότερον·
735 290 754 340 η
747 263 827 322 δε
814 289 872 341 εχει
888 261 996 322 ποσαί
1051 311 1052 340 ,

188 379 240 429 την
263 354 386 430 δύναμιν,
411 353 484 413 ὥστε
511 352 570 429 ἅμα
594 356 679 431 ἑωυτῇ
702 351 754 426 την
777 350 862 426 νηδύν
885 352 938 409 καὶ
960 350 996 423 τά

189 441 346 522 σπλάγχνα
363 439 568 517 κατατετηκότα
588 439 688 520 ἐξάγει·
709 439 759 502 τάς
777 439 807 498 δὲ
827 437 942 514 σάρκας
960 437 996 497 τό

189 533 286 607 λίτρον
308 529 464 604 κατατήκει·
493 528 540 587 καὶ
561 528 595 603 δὴ
617 527 744 586 λείπεται
764 529 815 586 τοῦ
836 529 942 602 νεκροῦ
960 525 996 586 τδ

161 631 163 635 ’
189 618 276 695 δέρμα
295 621 400 695 μοῦνον
416 617 462 675 καὶ
480 616 517 676 τά
536 615 632 676 ὀστέα·
653 613 737 675 ἐπεάν
752 615 782 673 δὲ
802 617 892 675 ταῦτα
911 613 996 689 ποιή-

189 732 272 776 σωσι,
296 704 343 763 ἀπ’
364 704 401 764 ὧν
424 705 527 764 ἔδωκαν
554 701 624 763 οὕτω
650 702 700 764 τόν
722 700 820 780 νεκρδν
844 701 930 761 αύδὲν
953 702 996 761 ἐτι

142 795 181 852 88
189 793 453 873 πρηγματευθέντες.
486 791 525 850 Ἡ
541 791 571 850 δὲ
583 792 663 868 τρίτη
675 791 835 869 ταρίχευσίς
855 793 921 848 ἐστι
934 789 994 865 ἥδε,

188 879 208 955 ἢ
227 880 292 942 τούς
311 879 441 958 χρήμασι
461 878 680 955 ἀσθενεστέρους
701 877 837 948 σκευάζει·
863 879 995 956 συρμαίῃ

188 966 370 1042 διηθήσαντες
388 966 441 1042 τήν
461 968 578 1043 κοιλίην,
597 965 777 1046 ταριχεύουσι
795 965 846 1028 τάς
866 965 995 1042 ἑβδομή-

190 1080 274 1115 κοντα
290 1054 404 1132 ἡμέρας,
426 1055 472 1113 καὶ
495 1056 589 1114 ἔπειτα
607 1053 653 1112 ἀπ’
671 1053 708 1113 ὧν
727 1053 828 1112 ἔδωκαν
848 1051 995 1131 άποφέρε-

142 1143 179 1201 89
189 1143 267 1202 σθαι.
294 1140 350 1206 Τάς
363 1143 394 1201 δὲ
402 1147 533 1224 γυναῖκας
543 1145 598 1202 τῶν
608 1142 763 1217 ἐπιφανέων
775 1139 890 1217 ἀνδρῶν,
904 1140 996 1201 ἐπεάν

188 1231 387 1307 τελευτήσωσι,
404 1230 437 1290 σι’
450 1231 607 1308 παραυτίκα
623 1229 731 1290 διδοῦσι
747 1227 912 1308 ταριχεύειν,
927 1227 995 1288 οὐδὲ

188 1318 255 1378 ὅσαι
271 1317 306 1380 ἂν
321 1319 375 1379 ὦσι
390 1317 503 1382 εὐειδέες
521 1316 609 1394 κάρτα
629 1317 676 1376 καὶ
694 1315 784 1398 λόγου
803 1319 927 1380 πλεῦνος
942 1343 994 1398 γυ-

189 1411 288 1470 ναῖκες·
309 1406 375 1465 ἀλλ’
391 1405 474 1466 ἐπεάν
490 1409 612 1483 τριταῖαι
629 1403 648 1481 ἢ
666 1407 826 1483 τεταρταῖαι
844 1403 994 1485 γένωνται,

188 1492 259 1554 οὕτω
271 1493 457 1571 παραδιδοῦσι
463 1497 545 1554 ’τοῖσι
558 1490 746 1572 ταριχεύουσι.
773 1495 858 1552 τοῦτο
872 1492 902 1550 δὲ
913 1495 995 1553 ποιέ-

190 1605 255 1641 ουσι
272 1581 343 1641 οὕτω
359 1581 440 1640 τοῦδε
459 1580 568 1650 εἵνεκεν,
586 1579 686 1657 ἵναμή
704 1587 760 1657 σφι
779 1582 805 1639 οἱ
825 1581 995 1658 ταριχευταὶ

187 1668 343 1751 μίσγωνται
359 1671 429 1746 τῇσι
443 1668 562 1776 γυναιξί·
583 1669 749 1746 λαμφθῆναι
764 1666 820 1749 γάρ
835 1667 898 1728 τινά
905 1673 994 1745 φασι

121 1774 128 1796 ¹
187 1756 359 1839 μισγόμενον
377 1782 462 1835 νεκρῳ
447 1755 636 1837 προσφάτῳ
650 1756 788 1837 γυναικός·
810 1759 943 1815 κατεῖπαι
960 1757 994 1816 δὲ

141 1846 179 1904 90
187 1843 237 1905 τόν
260 1843 511 1923 ὁμότεχνον.ος
533 1844 558 1903 δ’
579 1842 613 1905 ἂν
635 1841 655 1921 ἦ
677 1842 766 1905 αὐτῶν
789 1844 993 1924 Αἲγυπτίωνῆ

188 1931 324 2002 ξείνων
308 1932 409 2009 ομοίως
433 1931 489 1993 υπδ
517 1932 697 2009 κροκοδείλου
721 1932 874 2011 άρπαχθεὶς
896 1928 918 2007 ἢ
942 1932 992 1992 ὕπ’

187 2019 273 2080 αὐτοῦ
292 2024 342 2081 τῶ
362 2024 490 2098 ποταμοῦ
514 2020 648 2096 φαίνηται
669 2018 796 2095 τεθνηυδς,
817 2018 878 2078 κατ’
897 2018 936 2095 ἢν
956 2018 993 2081 ἂν

186 2108 273 2169 πόλιν
293 2109 443 2189 ἐξενειχθῇ,
463 2106 578 2171 τούτους
598 2111 679 2167 πάσα
699 2106 807 2187 ἀνάγκη
828 2106 891 2166 ἐστὶ
911 2133 991 2185 ταρι-

187 2196 344 2277 χεύσαντας
363 2197 448 2257 αὐτόν
471 2196 517 2255 καὶ
535 2196 766 2273 περιστείλαντας
786 2193 822 2257 ὦς
843 2194 991 2257 κάλλιστα

188 2284 278 2363 θάψαι
297 2290 327 2345 ἐν
345 2288 423 2363 ἱρῇσι
443 2284 556 2361 θήκῃσι·
578 2282 641 2343 οὐδὲ
660 2286 769 2361 ψαῦσαι
787 2283 879 2353 ἔξεστι
900 2282 991 2344 αὐτοῦ

188 2371 279 2433 ἄλλον
286 2371 392 2441 οὐδένα,
401 2371 464 2431 οὔτε
473 2375 529 2431 τῶν
537 2369 737 2449 προσηκόντων
747 2368 811 2431 οὔτε
819 2373 875 2429 τῶν
883 2371 989 2447 φίλων·

187 2459 265 2518 ἀλλά
277 2484 325 2535 μιν
338 2461 365 2516 οἱ
378 2458 447 2534 ίρέες
461 2457 540 2517 αὐτοὶ
554 2462 580 2518 οἱ
596 2462 647 2519 τοῦ
661 2459 776 2529 Νειλου,
790 2456 840 2517 άτε
854 2458 947 2519 πλέον
960 2483 989 2519 τι

187 2544 366 2623 ἣάνθράπου
379 2545 483 2622 νεκρόν,
497 2545 727 2624 χειραπτάζοντες
741 2544 891 2607 θάπτουσι.

228 2633 423 2709 Ελληνικοῖσι
439 2633 470 2692 δὲ
487 2634 629 2711 νομαίοισι
647 2633 785 2716 φεύγουσι
798 2634 987 2713 χρᾶσθαι,
952 2660 987 2695 το

144 2723 218 2784 δέ
240 2722 356 2799 σύμπαν
383 2725 477 2793 εἰπεῖν,
499 2720 564 2799 μήδ’
589 2720 684 2783 ἄλλων
710 2721 826 2800 μηδαμά
850 2721 989 2800 μηδαμῶν

140 2815 177 2872 91
187 2810 337 2888 ανθρωπων
356 2811 507 2886 νομαίοισι.
542 2809 638 2889 (οἱ
600 2835 652 2886 μεν
670 2836 718 2870 νυν
735 2809 820 2869 ἄλλοι
837 2808 988 2889 Αἰγύπτιοι

188 2899 259 2960 οὕτω
274 2902 358 2957 τοῦτο
372 2897 604 2972 φυλάσσουσι·”
589 2919 650 2956 εστι
667 2897 697 2955 δὲ
715 2898 826 2974 Χέμμις
839 2896 924 2960 πόλις
939 2923 987 2974 με·

186 2986 262 3067 γάλη
282 2989 370 3061 νομοῦ
387 2989 438 3043 τοῦ
456 2985 611 3059 Θηβαϊκοῦ,
627 2982 709 3089 ἐγγύς
729 2984 805 3059 Νέης
825 2983 936 3046 πόλιος·
958 2988 987 3043 ἐν
1051 3058 1052 3065 ¹

186 3074 273 3150 ταύτῃ
283 3099 318 3149 τη
305 3071 427 3130 πόλι’
414 3096 476 3129 εστι
466 3068 616 3143 Περσέος
629 3093 679 3127 του
666 3068 829 3146 Δανάης
820 3068 880 3145 ιρδν
889 3070 986 3146 τετρά-
1051 3080 1052 3129 3

185 3185 284 3241 γωνον·
306 3158 389 3234 πέριξ
410 3154 498 3215 δὲ
463 3158 548 3214 αυτοῦ
572 3153 694 3228 φοίνικες
716 3156 870 3231 πεφύκασι·
897 3182 934 3216 τα
924 3156 986 3216 δέ
1051 3164 1052 3175 ²

181 3244 319 3315 πρόπυλα
335 3246 387 3302 τοῦ
407 3244 469 3317 ίραυ
453 3238 615 3300 Ηλίθινά
601 3264 671 3309 εστι,
688 3240 776 3318 κάρτα
794 3240 986 3322 μεγάλωέπὶ
