2150 3500
146 112 176 160 ιι
442 109 626 160 Ἢνοκουοτ
904 110 944 174 [L

145 191 190 249 καὶ
199 191 306 268 τροπήν
316 190 437 267 ποιήσας
449 195 505 251 τῶν
515 191 658 269 πολεμίων
665 188 785 250 ἀπέθανε
794 188 949 250 κόλλιοτα·

145 277 194 336 καί
210 304 259 355 μιν
276 277 419 354 Ἀθηναῖοι
439 279 561 358 δημοσίῃ
580 304 611 338 τε
631 278 738 355 ἔθαψαν
758 276 842 338 αὐτοῦ
856 281 951 357 τῇπερ

145 365 236 435 ἔπεσε,
251 366 298 424 καὶ
311 367 445 443 ἐτίμησαν
458 364 612 446 μεγάλως.”

98 454 133 512 31
184 451 233 515 Ὦς
246 452 276 512 δὲ
291 452 327 512 τοὶ
343 453 413 513 κατοὶ
425 452 475 513 τόν
486 453 597 513 Τέλλον
609 452 800 529 προετρέψατο
815 450 832 512 ό
849 451 950 516 Σόλων

143 537 193 598 τόν
203 542 329 617 Κροῖσον
338 539 417 604 εἴπας
426 539 523 599 πολλό
534 565 567 600 τε
577 540 623 599 καὶ
632 538 730 616 όλβια,
741 537 875 616 ἐπειρώτα
883 540 950 600 τίνα

144 624 269 703 δεύτερον
288 626 347 703 μετ’
366 630 468 687 ἐκεῖνον
487 626 554 697 ἶδοι;
570 626 676 686 δοκέων
695 624 791 706 πάγχυ
809 625 950 703 δευτερεῖα

143 716 201 792 γαῖν
218 713 358 784 οἴσεσθαι,
376 713 392 773 ό
409 714 438 773 δὲ
456 714 526 773 εἶπε·
548 712 699 789 ((Κλέοβίν
713 739 744 773 τε
764 711 809 772 καὶ
827 713 950 773 Βίτωνα·

143 798 268 860 τούτοισι
280 800 343 880 γὰρ,
358 805 436 860 ἐοῦσι
451 801 531 881 γένος
543 799 705 880 Αργείοισι,
718 800 784 875 βίος
795 825 827 860 τε
841 797 952 876 αρκέων

142 885 217 961 υπήν
235 887 281 946 καὶ
298 887 369 964 πρός
383 887 471 966 τούτῳ
487 886 566 974 ῥώμη
579 886 709 964 σώματος
723 885 826 962 τοιήδε·
846 885 949 947 όεθλο·

145 973 230 1051 φόροι
245 1000 278 1034 τε
290 973 475 1052 ἀμφότεροι
459 975 559 1050 ομοίως
571 973 654 1050 ἦσαν,
668 1000 715 1033 και
703 973 762 1049 δή
775 999 822 1032 και
810 974 949 1054 λέγεται

145 1059 220 1121 ὅδε
203 1087 219 1121 ο
232 1060 362 1141 λόγος·
349 1061 449 1138 εοόσης
461 1060 545 1139 όρτῆς
557 1065 593 1140 τῇ
604 1060 682 1139 Ηρη
694 1063 770 1120 τοῖσι
781 1059 946 1140 Ἀργείοισι,

145 1148 202 1207 ἔδεε
214 1147 322 1212 πόντως
337 1147 389 1224 τήν
401 1150 508 1225 μητέρα
526 1148 615 1209 αὐτῶν
631 1147 719 1227 ζεύγεϊ
734 1147 902 1224 κομισθῆναι
918 1153 948 1212 ἔς

145 1233 179 1297 τό
191 1233 259 1312 ἱρόν·
280 1238 307 1318 οἱ
320 1233 351 1294 δέ
363 1242 420 1312 σφι
432 1235 500 1312 βόες
514 1241 545 1295 ἐκ
557 1238 607 1295 τοῦ
619 1234 707 1315 όγροῦ
719 1233 752 1294 οὗ
764 1235 946 1315 παρεγίνοντο

144 1326 174 1382 ἒν
187 1321 252 1402 ώρη·
269 1321 460 1400 ε’κκληῖόμενοι
473 1323 503 1382 δὲ
514 1327 551 1401 τῇ
565 1322 621 1402 ὥρῃ
633 1325 661 1380 οῖ
674 1321 784 1405 νεηνίαι,
798 1320 946 1386 όποδόντες

143 1409 222 1470 αὐτοὶ
239 1408 294 1470 ὑπό
313 1409 366 1485 τήν
384 1409 502 1490 ζεόγλην
518 1410 612 1468 εἷλκον
626 1408 679 1484 τήν
695 1407 813 1484 ἅμαξαν,
830 1408 877 1467 ἐπὶ
894 1413 946 1485 τῆς

144 1495 252 1573 οἶμόξης
265 1496 296 1556 δέ
304 1503 360 1572 σφι
371 1495 466 1574 όχέετο
476 1495 495 1571 vj
507 1493 610 1573 μήτηρ·
626 1494 756 1559 σταδίους
765 1494 796 1554 δὲ
807 1495 890 1556 πέντε
899 1497 946 1555 καὶ

143 1582 350 1661 τεσσεράκοντα
373 1583 584 1660 διακομίσαντες
605 1581 737 1642 ἀπίκοντο
763 1587 791 1646 ἒς
815 1581 849 1643 τό
875 1582 946 1661 ῖρόν·

143 1675 230 1732 ταῦτα
243 1671 274 1730 δέ
285 1677 342 1748 σφι
354 1669 493 1745 ποιήσασι
507 1696 554 1728 και
541 1668 711 1746 ὀφθεῖσι
693 1695 749 1730 υπο
761 1673 812 1745 τῆς
824 1670 945 1752 πανηγύ-

143 1784 203 1866 ριος
213 1758 328 1834 τελευτή
341 1784 391 1819 του
377 1758 501 1835 βίου’
484 1759 586 1836 αρίστη
597 1758 748 1839 ἐπεγένετο·
762 1757 864 1827 διέδεξέ
874 1784 906 1819 τε
914 1785 946 1820 εν
959 1772 963 1776 ’

143 1844 268 1905 τοότοισι
288 1873 305 1907 ο
296 1845 394 1916 ’θεός
415 1844 450 1909 αῖς
469 1845 627 1922 ἄμεινον’
601 1870 644 1921 ειη
663 1844 798 1924 ανθρώπιρ
816 1845 946 1907 τεθνόναι

143 1932 284 2010 μᾶλλονῆ
297 1931 383 2004 ζώειν·
395 1932 564 2010 Ἀργεῖοι
529 1959 582 2010 μεν
590 1932 645 2013 γὰρ
655 1930 834 2009 περιστάντες
843 1932 945 2009 ε’μακό-

142 2021 219 2096 ριζον
237 2024 293 2080 τοῖν
311 2020 437 2095 νεηνιέων
455 2019 507 2095 τήν
526 2018 630 2097 ῥώμην·
651 2022 681 2078 αἶ
700 2019 731 2078 δὲ
749 2018 878 2099 Ἀργεῖαι
892 2020 947 2096 τήν

142 2108 250 2185 μητέρα
272 2105 369 2176 αὐτῶν,
394 2106 458 2168 οἴων
479 2107 582 2167 τέκνων
604 2104 730 2183 ἐκύρησε·
755 2104 775 2181 ἡ
798 2107 829 2165 δὲ
850 2106 945 2185 μήτηρ

143 2194 296 2273 περιχαρής
315 2198 401 2255 εὀιῖσα
420 2198 459 2273 τῷ
477 2219 508 2255 τε
528 2195 599 2275 ἔργῳ
619 2194 665 2252 καὶ
683 2197 720 2272 τῇ
740 2192 831 2272 φήμῃ,
847 2199 944 2255 στᾶσα

143 2281 236 2343 ἀντίον
251 2286 301 2341 τοῦ
317 2281 478 2362 ἀγάλματος
495 2280 590 2359 εὔχετο
607 2280 723 2356 Κλέοβί
732 2288 765 2340 τε
776 2282 823 2339 καὶ
835 2282 943 2353 Βίτωνι,

142 2372 219 2428 τοῖσι
232 2372 332 2444 ἑωυτῆς
343 2369 474 2438 τέκνοισι,
488 2367 518 2427 οἵ
528 2392 578 2444 μιν
587 2368 723 2443 ἐτίμησαν
734 2366 872 2448 μεγάλως,
883 2368 946 2429 δοῦ-

143 2481 188 2515 ναι
203 2455 256 2531 τήν
269 2455 333 2515 θεόν
347 2457 381 2515 τό
397 2454 530 2533 ἀνθρώπῳ
542 2458 636 2532 τυχεῖν
651 2453 767 2531 ἄριστόν
781 2460 852 2515 ἐστι·
872 2455 946 2532 μετὰ

142 2542 244 2619 ταύτην
257 2542 287 2601 δὲ
301 2541 353 2617 τήν
367 2540 458 2621 εὐχήν,
472 2541 509 2605 αἷς
524 2540 628 2601 ἕθυσόν
642 2566 675 2602 τε
690 2542 736 2600 καὶ
753 2540 944 2621 εὐωχήθησαν,

144 2630 389 2706 κατακοιμηθέντες
409 2634 438 2689 ἐν
458 2626 530 2707 αὐτῷ
551 2632 591 2707 τῷ
610 2630 658 2708 ῖρῷ
677 2631 705 2688 οῖ
726 2630 830 2704 νεηνίαι
852 2628 945 2690 οὐκέτι

143 2715 312 2793 οἶνεστησαν,
325 2714 418 2774 αλλ”
405 2740 434 2775 εν
445 2716 522 2775 τέλει
533 2715 621 2795 τοότω
635 2717 762 2795 ἔσχοντο·
777 2715 900 2797 Αργεῖοι
912 2717 945 2777 δέ

142 2808 276 2880 σφεων’
252 2800 357 2866 εικόνας
369 2801 570 2914 ποιησόμενοι
567 2776 728 2865 οἷνέθεσαν’
715 2829 742 2867 ες
755 2802 944 2879 Δελφους,ώς

143 2890 276 2969 ἀνδρῶν’
259 2891 379 2969 αρίστων
390 2889 570 2972 γενομένων.’”

98 2982 133 3042 32
184 2979 341 3059 Σόλοψμεν
351 2976 736 3056 δήεόδαιμονίηςδετπερεῖα”
721 2975 942 3052 ενεμετοότοισι.

143 3069 268 3142 Κροῖσος
284 3066 314 3124 δὲ
329 3067 478 3143 σπερχθεὶς
494 3065 564 3124 εἶπε·
585 3062 628 3123 “ώ
643 3064 714 3132 ξεῖνε
725 3062 896 3139 Ἀθηναῖε,ἦ
912 3064 943 3124 δὲ

141 3150 262 3229 ἡμετέρη
275 3150 431 3227 εὐδαιμονίη
444 3151 513 3211 οὕτω
525 3176 570 3211 τοι
581 3149 747 3227 ἀπέρριπται
759 3155 787 3213 ἐς
802 3148 835 3210 τό
846 3151 942 3227 μηδὲν,

142 3236 215 3297 ὥστε
231 3236 293 3297 οὐδὲ
309 3238 433 3297 ἰδιωτέων
450 3236 555 3312 ἀνδρῶν
570 3234 663 3305 ἀξίους
674 3236 761 3313 ήμέας
776 3236 943 3313 ἐποίησας’
