2150 3500
106 122 248 188 ιιι-ιιι]
441 124 576 177 enm,
859 129 909 179 ιιι

104 203 252 279 καλέομεν·
273 202 386 281 φορέειν
399 203 429 263 δέ
441 202 492 267 τοῖς
505 202 618 281 ὄρνιθος
630 208 659 267 ἐς
672 204 806 270 νεοσσιάς
817 230 908 284 προσ·
965 209 969 259 s

104 291 308 366 πεπλασμένας
328 295 358 349 ἐκ
377 294 470 366 πηλοῦ
485 290 556 367 πρός
573 290 779 368 ἀποκρήμνοισι
799 293 905 370 οὔρεσι,

105 378 172 438 ἔνθα
191 376 365 455 πρόσβασιν,
380 376 516 457 ἀνθρῶπιρ
534 378 663 455 οὐδεμίαν
680 379 759 439 εἶναι·
779 381 851 458 πρός
869 382 906 444 ῶν

104 465 241 540 δήτοῦτο
256 465 321 529 τοῦς
333 464 486 543 Ἀραβίους
502 467 673 542 σοφίζεσθαι
688 465 764 526 τάδε·
783 471 863 545 βοῶν
873 497 907 532 τε

104 554 152 615 καὶ
168 552 238 615 ὄνων
256 558 312 615 τῶν
332 553 540 635 ἀπογινομένων
560 554 607 613 καὶ
626 558 681 613 τῶν
696 554 792 616 ἄλλων
806 555 906 629 ῦποζυ-

103 641 173 723 γίων
184 641 221 702 τοὶ
236 642 326 719 μέλεα
341 642 527 718 διαταμόντας
545 640 582 705 ῶς
597 642 728 723 μέγιστα,
742 644 865 719 κομίζειν
879 652 907 712 ές

103 732 194 789 ταῦτα
208 728 245 789 τά
259 729 357 807 χωρία·
378 731 427 788 καί
431 735 523 805 ’σφεα
541 729 638 793 θέντας
653 728 745 811 ἀγχοῦ
757 735 813 791 τῶν
827 758 907 793 νεοσ-

104 816 197 887 σιέων,
211 815 457 878 ἀπαλλάσσεσθαι
471 814 664 881 ἐκοὶς·ἀύτέων·
683 816 735 880 τῶς
753 816 784 877 δέ
796 816 908 896 ὄρνιθας

105 905 349 981 καταπετεωμένας
359 904 396 965 τά
408 907 464 965 τῶν
472 903 629 987 ὐποζυγίον
640 904 731 982 μέλεα
742 904 908 984 ἀναφορέειν
989 978 997 985 ,

105 993 152 1051 ἐπὶ
164 991 216 1056 τάς
228 990 370 1077 νεοσσιάς·
389 992 440 1057 τάς
453 992 483 1053 δὲ
492 992 525 1053 οὐ
539 993 691 1070 δυναμένας
703 994 795 1073 ἴσχειν
808 1019 908 1074 καταρ-

103 1080 264 1162 ρήγνυσθαι
290 1082 336 1141 ἐπὶ
361 1085 425 1163 γῆν·
454 1081 520 1146 τούς
545 1082 576 1142 δὲ
602 1079 731 1145 ἐπιόντας
756 1085 909 1165 συλλέγειν

104 1168 177 1229 οὕτω
196 1169 229 1231 τό
250 1167 434 1248 κιννάμωμον·
472 1169 683 1251 συλλεγόμενον
703 1171 734 1230 δὲ
753 1176 784 1230 ἐκ
803 1171 907 1233 τούτων

104 1254 288 1335 ἀπικνέεσθαι
309 1262 337 1321 ἐς
351 1257 402 1321 τὰς
422 1256 514 1321 άλλας
533 1258 635 1338 χώρας.
675 1256 716 1317 Τό
737 1257 817 1334 δέδῆ
838 1258 955 1335 λή-112

104 1343 197 1416 δανον,
219 1344 253 1406 τό
281 1347 416 1406 καλέουσι
434 1344 568 1424 Ἀράβιοι
593 1344 726 1414 λάδανον,
746 1345 787 1404 ἔτι
808 1345 909 1407 τοῦτου

104 1432 338 1513 θωυμοσιῶτερον
353 1434 469 1516 γίνεται·
496 1437 526 1493 ἐν
543 1430 600 1513 γάρ
617 1431 815 1511 δυσοδμοτάτῳ
834 1434 908 1514 γινό-

103 1546 191 1598 μενον
204 1520 392 1583 εὐωδέστατόν
405 1526 477 1581 ε’στι·
495 1524 553 1581 τῶν
563 1519 621 1601 γάρ
637 1523 725 1602 αἰγῶν
735 1524 791 1579 τῶν
798 1520 909 1603 τράγων

105 1614 137 1669 ἐν
148 1613 226 1670 τοῖσι
238 1610 355 1691 πώγωσι
368 1607 525 1686 εὐρίσκεται
538 1607 724 1689 ἐγγινόμενον,
739 1608 799 1668 οἷον
811 1610 909 1690 γλοιδς

105 1695 164 1756 ὐπὸ
179 1701 230 1773 τῆς
248 1696 327 1774 ὐλης.
368 1696 511 1777 χρήσιμον
531 1694 556 1756 δ’
576 1701 604 1760 ἐς
621 1697 721 1757 πολλά
739 1700 795 1758 τῶν
814 1696 909 1776 μόρων

105 1784 179 1844 ἐστί·
200 1786 323 1862 θυμιῶσί
333 1810 365 1845 τε
376 1784 505 1862 μάλιστα
517 1789 602 1845 τοῦτο
614 1784 756 1862 Ἀράβιοι.

147 1877 279 1934 Τοσαῦτα
290 1876 343 1951 μὲν
356 1873 506 1951 θυωμάτων
518 1873 584 1951 πέρι
597 1873 727 1950 εἰρήσθω·
747 1873 845 1947 ἀπόζει
857 1875 888 1935 δέ
898 1877 955 1936 113

104 1963 158 2037 τῆς
169 1960 266 2040 χιόρηςΙ
277 1965 328 2038 τῆς
340 1960 479 2040 Ἀραβίης
494 1961 649 2022 θεσπέσιον
664 1961 701 2025 ῶς
713 1961 772 2037 ἡδύ.
816 1963 864 2023 δύο
878 1963 909 2023 δέ

103 2049 189 2129 γένεα
215 2048 279 2110 ὀΐων
299 2049 358 2126 σφί
376 2054 438 2109 ἐστι
459 2047 603 2125 θωύματος
623 2046 696 2118 ἀξια,
715 2048 753 2108 τά
773 2048 908 2126 οὐδαμόθι

105 2137 221 2214 ἑτέρωθί
240 2141 310 2197 ἐστι·
330 2137 364 2198 τό
383 2139 436 2214 μὲν
451 2135 556 2196 αὐτέων
573 2136 668 2212 ἕτερον
684 2136 742 2214 ἔχει
758 2136 810 2199 τάς
825 2136 908 2214 οὐράς

104 2224 222 2302 μακράς,
243 2228 328 2303 τριῶν
347 2223 461 2304 πήχεων
482 2221 532 2283 οὐκ
554 2222 724 2285 ἐλάσσονας·
750 2221 801 2286 τάς
822 2224 848 2282 εί
866 2249 909 2288 τις

105 2312 185 2388 ἐπείη
212 2318 269 2389 σφι
300 2312 436 2382 ἐπέλκειν,
463 2313 548 2370 ἕλκεα
572 2307 607 2370 ἀν
632 2310 730 2390 ἔχοιεν,
758 2309 907 2388 ἀνατριβο·

103 2400 210 2476 μενέων
228 2399 300 2479 πρός
323 2403 360 2480 τῇ
378 2403 418 2482 γῇ
437 2402 493 2459 τῶν
520 2397 631 2476 οὐρέων·
659 2401 709 2458 νῦν
724 2396 754 2458 ’δ’
774 2396 848 2462 ἅπας
866 2424 909 2463 τις

54 2555 62 2568 ,
104 2492 163 2549 τῶν
187 2481 326 2566 ποιμένων
350 2488 499 2548 ἐπίσταται
525 2486 702 2568 ξυλουργέειν
724 2493 753 2551 ἐς
776 2491 909 2549 τοσοῦτο·

105 2574 243 2653 ἀμαξιδας
270 2576 327 2657 γάρ
356 2579 505 2644 ποιεῦντες,
536 2573 690 2635 ὐποδέουσι
724 2573 810 2639 αὐτάς
840 2580 909 2656 τῇσι

104 2662 217 2742 οὐρῇσι,
239 2663 299 2726 ἐνός
319 2663 438 2724 ἑκάστου
458 2660 572 2738 κτήνεος
594 2662 647 2739 τήν
667 2661 752 2740 οὐρήν
771 2664 818 2727 ἐπὶ
838 2663 908 2741 ἀμα·

104 2749 171 2820 ξίδα
191 2750 313 2827 ἑκάστην
334 2751 522 2814 καταδέοντες·
544 2749 579 2810 τῦ
595 2750 626 2808 δὲ
644 2749 737 2828 ἕτερον
754 2752 834 2830 γένος
853 2755 910 2811 τῶν

104 2837 173 2900 α’ίων
192 2839 242 2904 τοὶς
267 2837 352 2916 οὐράς
370 2838 493 2902 πλατέας
515 2836 662 2915 φορέουσι,
683 2836 730 2894 καὶ
752 2837 798 2895 ἐπὶ
814 2839 909 2916 πῆχυν

104 2924 225 2990 πλάτος.
525 2925 528 2931 ’

147 3011 384 3090 Ἀποκλινομένης
409 3012 440 3072 δέ
464 3010 647 3089 μεσαμβρίης
675 3007 794 3087 παρήκει
819 3009 957 3088 πρύς114

104 3099 223 3162 δύνοντα
239 3101 321 3176 ἥλιον
337 3100 357 3176 ή
375 3099 508 3176 Αἰθιοπίη
525 3097 612 3178 χάρη,
627 3097 736 3178 ἐσχάτη
751 3102 807 3158 τῶν
824 3101 909 3157 οἰκεο-

102 3189 205 3267 μένων·
233 3187 303 3264 αῦτη
323 3187 354 3253 δὲ
372 3185 481 3267 χρυσόν
500 3211 532 3246 τε
552 3188 633 3263 φέρει
652 3184 772 3246 πολλόν.
784 3184 831 3244 καὶ
851 3185 909 3244 ἐλέ-

104 3282 216 3353 φαντας
233 3275 427 3355 ἀμφιλαφέας,
446 3273 493 3332 καὶ
512 3272 626 3350 δένδρεα
640 3272 734 3335 πάντα
748 3271 841 3350 ἄγρια,
864 3271 910 3331 καὶ
959 3299 968 3316 ·
