2150 3500
104 108 246 175 ιιι-ιιι]
426 109 589 160 mm
856 115 902 163 ιω

101 194 130 252 οἶ
142 194 195 269 μὲν
207 189 344 267 πρότερον
357 192 385 250 οἱ
397 189 428 249 δὲ
439 189 567 267 ὕστερον,
582 188 617 253 ὥς
631 189 688 270 ἰδίῳ
702 191 808 253 έωυτῷν
820 191 902 256 ε’όντι·

100 282 158 339 τῷν
170 278 225 358 ἐγὼ
240 277 315 341 εἶδός
327 277 363 338 τὰ
376 276 519 353 οὐνόματα
532 276 566 336 οό
579 277 690 358 γράφω.

143 366 240 444 Μέχρι
258 365 312 441 μέν
332 389 381 426 νυν
399 363 584 443 Ῥαμψινίτου
604 366 744 441 βασιλέος
764 366 833 428 εἶναι
854 371 950 431 ε’ν124

102 451 237 534 Αἰγύπτῳ
251 455 349 512 πᾶσαν
367 451 497 529 εὐνομίην
514 453 621 534 ἔλεγον,
639 454 685 512 καὶ
703 453 839 530 εὐθηνέειν
855 457 905 516 Αἵ-

101 567 210 624 γυπτον
235 540 375 622 μεγάλως·
401 539 474 618 μετοὶ
501 540 531 600 δὲ
556 544 664 611 τοῦτον,
687 543 904 618 βασιλεύσαντά

102 636 201 705 σφεων
222 629 322 689 Χέοπα
340 632 368 691 ἔς
389 632 488 689 πᾶσαν
506 627 647 704 κακότητα
667 628 780 690 ε’λάσαι.
822 657 904 693 κατα-

102 717 262 793 κληίσαντα
275 715 332 797 γάρ
344 741 394 793 μιν
405 714 497 775 πάντα
512 716 549 775 τά
566 715 620 792 ἱρά,
633 720 730 794 πρῶτα
747 719 799 794 μέν
811 725 904 796 σφεας

101 804 223 865 θυσιέων
234 801 362 881 α’πέρξαι·
382 803 454 880 μετά
470 803 508 874 δὲ,
523 802 690 884 ἐργάζεσθαι
709 808 798 885 ἑωυτῷ
811 806 903 866 κελεύ-

102 916 144 952 ειν
161 890 269 954 πάντας
288 892 465 972 Αἶγυπτίους·
486 893 564 950 τοῖσι
583 891 636 967 μὲν
655 890 689 967 δὴ
710 891 904 973 ἀποδεδέχθαι,

101 983 135 1038 ἐκ
158 982 214 1038 τῷν
233 977 417 1056 λιθοτομιέων
436 981 492 1039 τῷν
512 983 542 1038 ἒν
564 981 603 1056 τῷ
623 976 749 1060 Ἀραβίῳ
770 980 852 1059 οὔρεϊ,
874 987 905 1043 εἰς

100 1066 223 1126 τουτέων
236 1066 327 1126 ἕλκειν
339 1066 436 1129 λίθους
448 1065 596 1145 μέχριτοῦ
609 1067 725 1126 Νείλου·
743 1069 905 1147 διαπεραιω-

102 1154 203 1218 θέντας
215 1153 245 1214 δέ
256 1153 307 1214 τόν
315 1154 443 1230 ποταμόν
455 1155 584 1214 πλοίοισι
596 1152 661 1217 τούς
673 1155 770 1219 λίθους
784 1159 905 1235 ἑτέροισι

102 1241 184 1312 ἔταξε
201 1241 369 1311 ἐκδέκεσθαι,
387 1242 433 1300 καὶ
450 1240 521 1318 πρός
536 1240 571 1301 τό
587 1241 714 1317 Λιβυκόν
733 1242 906 1321 καλεύμενον

101 1328 178 1406 ὅρος,
199 1328 271 1407 πρός
292 1333 375 1389 τοῦτο
399 1328 499 1388 ἕλκειν·
525 1327 674 1408 ἐργάζοντο
695 1328 725 1389 δὲ
749 1331 819 1391 κατὰ
839 1331 906 1392 δέκα

100 1417 240 1496 μυριάδας
253 1416 404 1494 ἀνθρώπων
417 1417 471 1476 αἰεὶ
482 1415 535 1493 τῷν
547 1415 680 1493 τρίμηνον
693 1417 822 1495 ἑκάστην·
837 1419 905 1500 χρό·

102 1531 154 1566 νον
167 1505 197 1564 δὲ
207 1506 371 1587 ἐγγενέσθαι
383 1504 542 1584 τριβομένῳ
555 1507 594 1583 τῷ
606 1503 686 1585 άλλη)
695 1509 764 1585 λαῷ,
775 1506 841 1566 δέκα
852 1509 905 1584 μὲν

103 1593 169 1652 ἔτεα
180 1597 231 1669 τῆς
244 1592 310 1653 όδοῦ
320 1591 422 1669 κατ’,ἣν
433 1593 526 1652 εἷλκον
534 1594 600 1655 τούς
609 1593 714 1665 λίθους,
724 1594 777 1670 τήν
786 1594 904 1673 ἔδειμαν,

105 1681 189 1762 ἔργον
201 1680 248 1740 ε’όν
262 1679 294 1740 οὔ
310 1683 410 1761 πολλῷ
421 1680 473 1761 τέῳ
487 1681 615 1742 ἔλασσαν
626 1684 677 1757 τῆς
692 1683 855 1761 πυραμίδος,
870 1683 907 1749 ὥς

104 1770 170 1846 ε’μοὶ
183 1769 296 1829 δοκέειν·
312 1769 375 1851 (τῆς
388 1769 443 1851 γάρ
455 1773 545 1847 μῆκος
556 1770 609 1847 μέν
623 1773 678 1831 εἶσι
690 1774 772 1832 πέντε
786 1772 905 1845 στάδιοι,

105 1857 187 1935 εὖρος
203 1857 233 1917 δὲ
250 1858 317 1917 δέκα
333 1857 451 1939 ὀργυιαὶ,
467 1857 538 1936 ὕψος
555 1858 593 1929 δὲ,
609 1862 646 1937 τῇ
662 1857 826 1936 ὖψηλοτάτη
843 1861 906 1920 ε’στὶ

104 1945 179 2021 αὕτη
192 1949 300 2021 ἑωυτῆς,
311 1944 383 2005 όκτολ
396 1944 513 2026 ὀργυιαὶ,
523 1946 607 2005 λίθου
619 1970 651 2005 τε
664 1946 764 2015 ξεστοῦ
775 1947 821 2005 καὶ
831 1947 906 2018 ζιόων

106 2033 361 2116 ἐγγεγλυμμένων)
375 2033 462 2112 ταύτῃ
471 2058 503 2093 τε
515 2031 550 2108 δὴ
563 2032 600 2092 τό
612 2032 679 2092 δέκα
692 2034 753 2092 έτεα
762 2035 904 2114 γενέσθαι,

106 2123 222 2182 καὶτῶν
235 2122 281 2181 ε’πὶ
293 2125 344 2182 τοῦ
357 2121 460 2197 λόφου,
475 2119 517 2180 ἐπ’
531 2117 565 2179 οὗ
579 2123 681 2180 ε’στᾶσι
699 2123 728 2179 αἱ
745 2121 905 2198 πυραμίδες,

105 2213 163 2269 τῶν
179 2209 235 2270 όπδ
252 2213 308 2290 γρῖν
325 2208 488 2286 οἰκημάτων,
501 2206 553 2270 τάς
570 2207 693 2267 ε’ποιέετο
710 2206 798 2283 θήκας
818 2211 907 2289 ἑωυτῷ

107 2302 138 2358 ε’ν
149 2297 227 2377 νόσῳ
240 2298 360 2376 διώρυχα
375 2300 426 2357 τοῦ
440 2297 549 2356 Νειλου
565 2294 721 2376 ε’σαγαγιόν.
754 2300 792 2375 τῷ
808 2296 838 2356 δὲ
855 2322 906 2356 πυ-

105 2386 204 2463 ραμιδι
216 2384 286 2463 αὐτῇ
295 2384 397 2464 χρόνον
408 2382 541 2466 γενέσθαι
555 2385 659 2443 εἐίκοσι
672 2383 734 2443 ἔτεα
746 2384 905 2465 ποιευμένη·

105 2478 158 2550 τῆς
177 2478 241 2533 ἔστι
259 2475 391 2550 πανταχῆ
411 2472 540 2550 μέτωπον
561 2472 679 2534 ἕκαστον
703 2472 775 2533 όκτιδ
795 2474 906 2551 πλέθρα

107 2560 209 2638 εὀόσης
220 2559 400 2641 τετραγώνου,
415 2561 461 2619 καὶ
476 2558 547 2638 ὕψος
563 2560 636 2623 ἴσον·
658 2562 741 2622 λίθου
758 2562 788 2622 δὲ
805 2562 906 2632 ξεστοῦ

106 2673 139 2710 τε
158 2651 205 2709 καὶ
224 2649 405 2727 ἁρμοσμένου
423 2648 460 2709 τό
478 2647 617 2725 μάλιστα·
638 2648 726 2713 οὐδεὶς
745 2654 801 2709 τῶν
820 2650 907 2710 λίθων

105 2737 256 2815 τριήκοντα
268 2736 362 2797 ποδῶν
375 2734 516 2796 ε’λάσσων.
549 2735 687 2813 Ἐποιήθη
700 2737 731 2797 δὲ
747 2734 799 2795 ὦδε
816 2736 885 2812 αὕτη
895 2737 952 2812 125

107 2825 128 2901 ἠ
153 2825 283 2903 πυραμὶς,
310 2823 485 2901 ἀναβαθμῶν
508 2823 624 2901 τρόπον·
654 2824 705 2887 τάς
732 2822 906 2900 μετεξέτεροι

108 2913 236 2991 κρόσσας
258 2916 286 2973 οἶ
311 2913 342 2973 δὲ
363 2912 491 2989 βωμίδας
513 2910 694 2988 ὀνομάζουσι·
724 2909 854 2985 τοιαύτην
872 2908 906 2969 τό

107 3005 219 3078 πρῶτον
231 3001 294 3061 έπεί
308 3026 339 3061 τε
353 3000 489 3075 ἐποίησαν
503 2997 599 3075 αὐτην,
612 2998 706 3076 ἤειρον
721 2996 786 3059 τούς
802 2996 906 3055 ε’πιλοί-

107 3114 179 3154 πους
187 3090 284 3153 λίθους
294 3092 441 3168 μηχανῇσι
451 3086 543 3156 ξόλων
551 3087 683 3166 βραχέων
691 3084 904 3161 πεποιημένῃσι,

108 3176 237 3257 χαμάθεν
248 3178 301 3253 μὲν
311 3178 357 3236 ἐπὶ
365 3175 415 3235 τόν
423 3178 534 3251 πρῶτον
544 3177 661 3253 στοῖχον
670 3175 726 3231 τῶν
735 3170 908 3247 ἀναβαθμῶν

109 3263 255 3341 ἀείροντες,
268 3261 337 3325 όκως
350 3262 380 3322 δὲ
392 3260 464 3323 οἷνίοι
477 3258 493 3322 ό
506 3261 586 3323 λίθος
599 3259 641 3321 ἐπ’
654 3257 747 3329 αὐτόν,
761 3261 799 3321 εἰς
812 3257 908 3332 ἑτέρην

184 3345 214 3391 14
