2150 3500
124 109 234 176 οι-υ]
476 112 588 163 mm.
894 113 923 166 17

122 190 205 258 οὗτος
222 197 249 257 ές
263 194 300 254 τοὶ
316 194 443 271 Κροίσου
459 193 540 264 οἰκία,
555 192 625 253 κατοὶ
636 190 737 272 νόμους
748 192 813 258 τούς
829 199 925 273 ἐπιχαι-

121 281 199 360 ρίους
220 282 375 368 Ήθασίου
401 281 491 341 ἐδέετο
517 284 646 358 κυρῆσαι·
673 284 799 359 Κροῖσος
823 281 855 340 δέ
877 307 926 358 μιν

122 367 251 448 ἐκάθηρε·
272 368 346 450 (ἔστι
361 369 391 428 δὲ
404 369 591 447 παραπλησίη
604 367 623 444 ἤ
637 367 771 446 κάθαρσις
783 373 859 429 τοῖσι
871 377 926 429 Λυ-

122 455 200 516 δοῖσι
216 457 262 515 καὶ
276 460 353 517 τοῖσι
363 456 513 538 Ἐλλησι·)
536 457 597 516 ἐπεί
610 482 641 517 τε
661 455 691 515 δὲ
707 455 744 516 τοὶ
761 457 926 534 νομιζόμενα

122 544 239 619 ε’ποίησε
252 543 268 603 ὁ
282 548 415 621 Κροῖσος,
429 542 595 604 ἐπυνθάνετο
608 543 706 604 ὁκόθεν
717 570 748 605 τε
761 545 808 603 καὶ
819 547 861 609 τίς
874 545 925 622 εἴη’,

121 632 214 712 λέγων
235 631 310 692 τάδε·
332 631 491 710 ((ὤνθρωπε,
511 632 555 695 τίς
576 658 608 692 τε
631 630 682 692 εἰδν
704 633 751 691 καὶ
772 631 854 694 κόθεν
874 637 926 709 τῆς

122 720 245 801 Φρυγίης
256 718 329 796 ἥκων
343 721 467 784 ἐπίστιος
480 719 541 797 ἐμοὶ
555 720 659 801 έγένεο;
676 720 738 780 τίνα
749 746 781 780 τε
793 718 925 799 ἀνδρῶνι*

123 812 258 888 γυναικῶν
276 806 457 884 ε’φόνευσαςς”
478 807 495 868 ό
513 807 544 867 δὲ
561 807 705 884 ἀμείβετο·
730 806 775 867 “αἰ
791 810 924 884 βασιλεῦ,
989 851 992 856 -

123 895 243 972 Γορδίεω
261 897 314 973 μὲν
332 900 382 956 τοῦ
402 894 498 956 Μιδεοί
518 899 574 972 εἰμι
593 895 876 974 παῖς,ὀῦνομάζομαι
895 896 925 956 δὲ

118 981 286 1060 Ἄδρηστος·
308 982 447 1060 φονεύσας
467 983 497 1043 δὲ
516 982 657 1059 ἀδελφεόν
674 987 811 1060 ἐμεωυτοῦ
828 983 922 1055 οἷέκων,

122 1069 238 1148 πάρειμι
251 1071 452 1149 ἐξεληλαμένος
463 1097 495 1131 τε
506 1069 562 1130 ὖπδ
574 1075 625 1131 τοῦ
637 1070 741 1149 πατρός
755 1069 800 1130 καὶ
813 1072 925 1150 ἔστερη-
953 1106 958 1111 ·

123 1159 205 1234 μένος
224 1157 358 1219 πόντων.”
399 1161 525 1236 Κροῖσος
544 1158 576 1218 δέ
596 1183 645 1235 μιν
664 1157 799 1234 ἀμείβετο
817 1160 924 1220 τοῖσδε·

124 1244 250 1322 “άνδρῶν
263 1270 296 1306 τε
311 1250 403 1321 φίλων
418 1245 563 1326 τυγχάνεις
578 1246 689 1326 ἔκγονος
702 1246 753 1305 εἰδν
766 1246 812 1305 καὶ
825 1247 925 1323 ἐλήλυ-

124 1331 176 1396 θας
191 1337 219 1396 ἐς
234 1333 344 1408 φίλους,
363 1333 428 1394 ἔνθα
447 1331 639 1412 ἀμηχανήσεις
656 1332 799 1411 χρήματος
816 1334 925 1399 οὐδενός

123 1419 213 1496 μένων
225 1425 254 1480 ἓν
265 1420 411 1499 ἡμετέρου·
452 1419 605 1498 συμφορὴν
617 1419 647 1479 δὲ
658 1420 762 1496 ταύτην
775 1420 811 1484 ὦς
823 1422 925 1500 κουφό·

121 1532 195 1568 τατα
207 1510 299 1587 φέρων
312 1508 463 1587 κερδανέεις
474 1506 636 1570 πλεἰ“ιπτον.”
676 1507 693 1569 ό
707 1511 760 1587 μὲν
772 1508 806 1586 δὴ
819 1509 926 1571 δίωτον

124 1595 183 1675 εἶχε
197 1601 226 1657 ἓν
238 1598 375 1675 Κροίσου.
785 1650 792 1670 ,

172 1682 221 1744 Ἐν
237 1684 267 1744 δὲ
285 1689 324 1765 τῷ
339 1683 411 1765 αὐτῷ
428 1683 518 1765 χρόνῳ
532 1682 628 1766 τούτῳ,
645 1689 674 1746 έν
693 1687 733 1765 τῷ
751 1687 854 1768 Μυσίῳ
871 1683 925 1746 Οὔ·
934 1688 972 1748 36

122 1771 225 1853 λύμπῳ
234 1772 302 1838 συός
310 1776 407 1853 χρῆμα
415 1774 520 1855 γίνεται
529 1773 612 1854 μέγα·
626 1773 798 1853 ὁρμεοίμενος
808 1775 837 1834 δὲ
845 1772 925 1840 οὗτος

124 1865 154 1920 ἐκ
160 1864 210 1921 τοῦ
216 1859 311 1939 οὔρεος
317 1861 416 1921 τούτου
423 1860 459 1921 τοὶ
466 1864 636 1922 τῶνΜυσῶν
644 1863 711 1943 ἔργα
718 1862 924 1940 διαφθείρεσκε·

122 1948 248 2008 πολλάκι
261 1949 291 2008 δὲ
304 1951 331 2009 οἱ
343 1949 442 2009 Μυσοὶ
455 1947 496 2008 ἐπ’
507 1947 592 2009 αὐτόν
602 1949 768 2019 ἐξελθόντες,
778 1951 926 2011 ποιέεσκον

124 2038 175 2113 μὲν
191 2036 269 2097 οὐδὲν
286 2036 379 2105 κακόν,
396 2037 522 2117 ἔπασχον
538 2036 569 2096 δὲ
585 2035 655 2114 πρός
672 2035 767 2097 αὐτοῦ·
786 2038 868 2102 τέλος
886 2038 924 2108 δὲ,

123 2122 286 2202 ἀπικόμενοι
303 2123 380 2201 παρὰ
396 2123 446 2184 τόν
463 2127 591 2201 Κροῖσον
610 2128 665 2184 τῶν
682 2128 791 2185 Μυσῶν
809 2123 926 2206 ἄγγελοι

124 2213 221 2294 ἔλεγον
232 2212 307 2274 τάδε·
329 2211 372 2270 “ὥ
387 2212 520 2287 βασιλεῦ,
533 2211 582 2275 ὖδς
598 2215 696 2291 χρῆμα
712 2212 848 2293 μέγιστον
865 2213 925 2273 οἷνε·

125 2298 201 2376 φάνη
210 2299 277 2378 η’μῖν
291 2305 319 2361 ἐν
330 2303 367 2379 τῇ
379 2299 464 2379 χάρη,
476 2298 506 2362 ὃς
520 2298 557 2359 τά
570 2300 638 2380 ἔργα
652 2299 815 2376 διαφθείρει·
834 2304 933 2362 τοῦτον

123 2386 343 2465 προθυμεόμενοι
358 2388 445 2447 ἑλέειν
461 2385 493 2447 οὗ
510 2385 657 2464 δυνάμεθα·
677 2390 727 2447 νῦν
742 2386 779 2447 ὧν
790 2388 925 2466 προσδεό-

122 2473 197 2551 μεθά
209 2500 269 2545 σευ,
281 2474 331 2536 τόν
346 2475 434 2535 παῖδα
452 2474 498 2533 καὶ
516 2473 639 2554 λογάδας
655 2474 763 2549 νεηνίας
780 2476 826 2534 καὶ
843 2475 925 2541 κύνας

123 2562 293 2640 συμπέμψαι
304 2560 380 2639 ἡμῖν,
395 2562 430 2626 ὦς
446 2560 481 2621 ἄν
492 2586 541 2638 μιν
554 2561 690 2637 ἐξέλωμεν
702 2566 734 2621 ἐκ
746 2565 797 2637 τῆς
808 2563 925 2641 χάρης.”

123 2651 151 2707 οἱ
162 2650 214 2726 μὲν
224 2648 259 2724 δη
271 2649 375 2709 τούτων
384 2649 500 2709 ἐδέοντο·
515 2648 641 2725 Κροῖσος
650 2649 680 2708 δὲ
687 2649 865 2726 μνημονεύων
874 2654 924 2710 τοῦ

123 2734 230 2812 ὀνείρου
238 2736 275 2796 τά
285 2736 352 2796 ἔπεα
363 2737 444 2817 ἔλεγέ
456 2741 513 2812 σφι
521 2735 597 2796 τάδε·
610 2735 730 2799 “παιδδς
740 2738 793 2813 μὲν
801 2738 865 2815 πέρι
873 2742 925 2798 τοῦ

124 2825 192 2898 ε’μοΰ
203 2820 244 2898 μὴ
257 2824 403 2899 μνησθῆτε
415 2824 464 2883 ἔτι·
483 2822 516 2882 οὐ
524 2822 580 2904 γὰρ
590 2820 624 2883 ἂν
636 2821 703 2901 ὔμῖν
715 2824 924 2903 συμπέμψαιμι·

123 2908 260 2989 νεόγαμός
271 2935 303 2970 τε
313 2909 369 2991 γάρ
382 2915 452 2979 ἐστι,
463 2910 509 2968 καὶ
521 2909 610 2971 ταῦτά
622 2913 649 2971 οἶ
661 2914 710 2971 νῦν
721 2911 811 2987 μέλει·
827 2911 925 2972 Λυδῶν

122 2998 219 3074 μέντοι
228 2996 352 3078 λογάδας
364 2997 410 3055 καὶ
418 2996 451 3057 τό
462 2998 626 3077 κυνηγέσιον
635 3022 692 3057 παν
701 2998 869 3076 συμπέμψω,
879 2999 925 3057 καὶ

124 3083 340 3162 διακελεύσομαι
356 3088 433 3145 τοῖσι
451 3088 533 3153 ἰοῦσι,
548 3082 617 3144 εἶναι
633 3083 669 3146 ὦς
686 3083 924 3160 προθυμοτάτοισι

124 3172 297 3241 συνεξελέειν
313 3171 379 3249 ὖμῖν
397 3172 429 3232 τό
448 3173 545 3248 θηρίον
562 3176 592 3230 ἐκ
610 3174 661 3246 τῆς
676 3169 793 3249 χῶρης.”
832 3177 926 3233 Ταῦτα
934 3175 971 3235 37

124 3256 274 3338 ἀμείψατο·
297 3258 513 3338 ἀποχρεωμένων
536 3258 566 3317 δὲ
587 3257 713 3317 τούτοισι
731 3261 787 3317 τῶν
809 3264 925 3330 Μυσῶν,

125 3366 137 3377 -
207 3344 220 3388 3
1018 3366 1047 3393 ,ι
1066 3364 1069 3453 η

988 3432 999 3454 1
