2150 3500
119 121 261 187 ιιι-153]
408 122 634 172 Μυιιιοωυαιι.
871 132 917 182 341
969 153 973 164 ι

117 201 257 278 ἀποικίην.
292 202 403 262 ἐπείτε
425 201 456 260 δὲ
477 206 565 261 κακοῦ
585 203 664 264 οὐδὲν
684 204 720 280 ἢν
741 214 798 283 σφι
820 212 920 288 μῆχος,

118 292 263 367 πέμπουσι
290 295 317 352 ἐς
345 289 460 367 Κρήτην
486 289 625 372 ἀγγέλους
652 293 810 369 διζημένους
835 297 860 355 εἰ
881 322 923 360 τις

118 379 238 455 Κρητῶν
250 377 269 453 ἢ
281 377 581 457 μετοίκωνάπιγμένος
597 380 638 455 εἴη
653 379 681 442 ἒς
693 383 822 458 Αιβύην;
845 409 920 460 περι-

116 465 295 541 πλανώμενοι
308 463 338 523 δὲ
356 464 442 540 αύτήν
460 463 537 525 οὗτοι
554 465 686 527 ἀπίκοντο
706 471 752 528 καὶ
770 468 798 532 ε’ς
811 469 923 532 Ἴτανον

117 552 211 613 πόλιν·
231 552 261 614 έν
272 553 360 630 ταύτῃ
373 552 403 612 δὲ
416 554 614 634 συμμίσγουσι
631 554 711 633 ἀνδρὶ
727 558 867 634 πορφυρέῖ
884 563 923 638 τῷ

116 641 223 718 οὕνομα
233 642 280 717 έην
290 641 453 718 Κορώβιος·
467 641 498 705 ῶς
511 644 566 717 ἔφη
577 642 623 702 ἀπ’
633 643 741 721 ἀνέμων
751 645 923 724 ἀπενειχθεὶς

116 728 267 789 ἀπικέσθαι
278 735 305 792 ἐς
318 729 438 805 Λιβύην,
453 731 499 788 καὶ
513 730 623 806 Λιβύης
637 737 664 794 ε’ς
675 735 809 793 Πλατέαν
819 738 920 808 νῆσον·

113 816 210 896 Ιμισθῷ
230 817 259 876 δὲ
278 821 378 876 τοῦτον
398 818 546 880 πείσαντες
566 818 636 899 ἦγον
657 825 684 882 ἐς
705 821 812 897 Θήρην·
840 827 870 880 ἐκ
891 822 921 882 δὲ

115 904 210 980 Θήρης
224 906 324 964 ἔπλεον
338 905 512 965 κατάσκοποι
529 905 632 983 ἅνδρες,
646 906 682 966 τά
694 912 790 984 πρῶτα
805 908 836 967 οὐ
850 912 918 967 πολ-

154 993 172 1061 ὶ,
186 994 418 1073 κατηγησαμένου
437 992 467 1051 δὲ
484 997 535 1053 τοῦ
555 996 706 1070 Κορωβίου
726 1001 752 1057 ἒς
765 995 817 1070 τήν
830 999 919 1069 νῆσον

114 1078 219 1156 ταύτην
232 1080 265 1156 δή
278 1081 331 1155 τήν
344 1081 486 1150 Πλατέαν,
499 1081 549 1141 τῶν
561 1083 614 1156 μὲν
624 1082 775 1158 Κορώβιον
788 1083 920 1142 λείπουσι

115 1168 195 1226 σιτία
207 1168 405 1231 καταλιπόντες
420 1168 496 1228 ὅσων
510 1167 544 1243 δή
560 1172 662 1244 μηνῶν,
677 1169 755 1228 αὐτοὶ
773 1169 802 1228 δὲ
819 1171 920 1230 ἔπλεον

114 1254 168 1330 τήν
194 1257 332 1334 ταχίστην
358 1255 579 1337 ἀπαγγελέοντες
602 1257 751 1332 Θηραίοισι
778 1258 845 1334 περὶ
870 1262 921 1333 τῆς

115 1342 214 1418 νήσου.
244 1342 474 1419 Ἀποδημεόντων
487 1345 517 1403 δὲ
530 1343 634 1404 τούτων
647 1343 725 1402 πλέω
736 1344 839 1422 χρόνον
849 1349 900 1404 τοῦ
909 1348 967 1405 152

115 1432 308 1511 συγκειμένου,
320 1431 371 1491 τόν
383 1432 534 1509 Κορώβιον
547 1432 664 1491 ε’πέλιπε
676 1431 712 1491 τά
724 1431 831 1491 πάντα·
848 1431 919 1508 μετά

115 1519 154 1587 δὲ,
165 1522 231 1594 νηῦς
241 1519 333 1597 Σαμίη
345 1523 396 1595 τής
408 1519 563 1596 ναύκληρος
576 1521 623 1595 ἔην
636 1523 776 1589 Κωλαῖος,
790 1520 920 1579 πλέουσα

115 1604 158 1663 ἐπ’
184 1606 325 1686 Αἰγύπτου
345 1605 500 1686 ἀπηνείχθη
522 1611 550 1670 ε’ς
570 1606 623 1683 τήν
644 1609 778 1668 Πλατέαν
799 1607 917 1684 ταύτην·

114 1693 268 1771 πυθόμενοι
287 1695 317 1755 δὲ
344 1698 370 1756 οἶ
398 1695 500 1772 Σάμιοι
519 1695 597 1774 παραὶ
620 1700 670 1756 τοῦ
693 1696 845 1773 Κορωβίου
867 1695 917 1756 τόν

113 1781 208 1842 πάντα
219 1782 314 1865 λόγον,
328 1786 407 1844 σιτία
420 1787 447 1843 οἰ
461 1788 586 1844 ἐνιαυτοῦ
601 1785 817 1845 καταλείπουσι·
835 1783 918 1844 αύτοὶ

114 1870 145 1927 δὲ
157 1870 323 1950 ἀναχθέντες
336 1878 366 1931 ἐκ
378 1874 429 1947 τῆς
441 1870 530 1947 νήσου
541 1873 587 1930 καὶ
597 1871 764 1953 γλιχόμενοι
775 1871 919 1953 Αἰγύπτου

115 1959 215 2019 ἔπλεον
233 1957 440 2035 ἀποφερόμενοι
456 1958 603 2036 ἀπηλιώτῃ
621 1958 721 2037 ἀνέμῳ,
740 1960 794 2028 καὶ,
813 1959 846 2017 ού
861 1959 918 2039 γάρ

113 2044 184 2106 ἀνίει
201 2046 235 2106 τό
252 2050 370 2122 πνεῦμα,
383 2044 543 2122 Ἡρακλέας
561 2045 671 2119 στήλας
685 2045 917 2121 διεκπερήσαντες

113 2133 247 2195 ἀπίκοντο
261 2138 290 2197 ές
300 2131 478 2209 Ταρτησσόν,
493 2132 554 2209 θείῃ
568 2132 668 2209 πομπῇ
682 2132 844 2209 χρεώμενοι.
884 2132 917 2191 τό

113 2222 144 2281 δὲ
161 2221 295 2299 ε’μπόριον
309 2224 392 2279 τοῦτο
409 2218 445 2296 ἧν
462 2218 603 2295 ἀκήρατον
620 2222 721 2279 τοῦτον
737 2217 788 2277 τόν
800 2217 916 2297 χρόνον·

114 2308 187 2371 ῶστε
198 2306 446 2383 ἀπονοστήσαντες
459 2304 536 2365 οὗτοι
549 2304 649 2375 ὀπίσω,
663 2306 786 2385 μέγιστα
799 2305 833 2381 δή
852 2304 917 2363 Ἑλ-

113 2398 205 2473 λήνων
217 2395 328 2456 πάντων
340 2399 396 2456 τῶν
412 2395 493 2471 ἡμεῖς
511 2392 641 2470 ἀτρεκίην
659 2392 738 2469 ἴδμεν
752 2398 782 2451 έκ
796 2393 918 2470 φορτίων

113 2486 274 2561 ἐκέρδησαν,
294 2482 366 2560 μετοί
389 2508 423 2564 γε
446 2478 616 2557 Σώστρατον
635 2480 684 2541 τόν
707 2480 917 2557 Λαοδάμαντος,

115 2572 275 2652 Αἰγινήτην·
295 2569 383 2651 τούτῳ
396 2572 452 2651 γάρ
466 2567 516 2628 ούκ
530 2567 576 2628 οἶοί
589 2569 622 2629 τέ
634 2574 695 2629 ε’στι
709 2570 801 2646 ε’ρίσαι
814 2568 915 2628 ἀλλον.

113 2663 140 2719 οἰ
161 2660 191 2719 δὲ
211 2661 313 2737 Σάμιοι
332 2659 384 2735 τήν
400 2657 518 2733 δεκάτην
533 2661 589 2716 τῶν
602 2658 763 2733 ἐπικερδίων
776 2655 917 2725 ἐξελόντες

114 2747 146 2816 ἓξ
157 2748 316 2818 τάλαντα,’
303 2747 474 2824 εποιήσαντο
486 2743 626 2852 χαλκήϊον
638 2749 775 2850 κρητῆρος
787 2743 916 2822 Ἀργολι-

114 2837 166 2893 κοΰ
184 2834 298 2909 τρόπον·
324 2836 406 2912 πέριξ
423 2832 506 2893 δὲ
472 2836 557 2893 αυτοῦ
577 2834 691 2911 γρυπῶν
707 2831 830 2907 κεφαλαὶ
848 2828 916 2906 πρό-

114 2924 238 2998 κροσσοί
255 2926 320 2981 εἰσι·
341 2948 387 2981 και
376 2922 571 2997 ἀνέθηκαν’
558 2944 585 2983 ες
603 2944 635 2979 το
649 2916 809 2995 ΗΗραιον,
793 2914 916 2991 υποστή-

114 3034 215 3072 σαντες
231 3009 304 3087 αύτῶ
322 3014 395 3086 τρεῖς
413 3008 551 3088 χαλκέους
565 3005 752 3067 κολοσσους“
740 3004 918 3083 επταπήχεας

113 3098 190 3157 τοῖσι
210 3069 330 3178 γούνάσι
353 3096 574 3173 ἐρηρεισμένους·
609 3096 794 3171 Κυρηναίοισι
818 3092 848 3150 δὲ
869 3091 924 3149 καλ

113 3185 264 3263 Θηραίοισι
283 3190 310 3248 ἔς
327 3184 449 3260 Σαμίους
469 3182 526 3242 ἀπό
543 3182 645 3242 τούτου
661 3184 712 3241 τοῦ
726 3181 808 3261 ἔργου
820 3182 918 3258 πρῶτα

114 3275 209 3351 φιλίαι
235 3273 358 3352 μεγιίλαι
384 3270 605 3346 συνεκρήθησαν.
648 3272 687 3328 Οἰ
714 3268 744 3327 δὲ
770 3267 964 3345 Θηραῖοι,153
