2150 3500
168 84 217 133 254
477 82 662 134 ‘HPOAOTO'P
904 77 970 142 [ΠῙ.
1048 99 1050 102 ·

165 160 290 239 ἀμύσσει
315 161 367 225 τός
392 161 509 239 μήτρας·
537 160 723 238 αύξανόμενός
747 184 780 220 τε
806 158 845 235 δή
871 163 974 238 πολλῷ
1048 171 1050 180 “

165 252 278 327 μᾶλλον
304 250 456 309 ἐσικνέεται
481 248 678 330 καταγνόφων·
714 248 806 310 σέλας
832 271 866 307 τε
921 246 930 269 “
956 246 972 307 ό

164 336 246 399 τόκος
265 337 401 406 ἔστὶ,’καὶ
417 337 451 397 τό
472 336 606 415 παριίπαν
624 336 751 395 λείπεται
770 333 878 394 αύτέων
897 334 973 415 ύγιὲς

120 426 176 485 109
187 424 251 484 οὐδὲ
267 426 305 485 ἓν.
340 424 394 487 Ὦς
407 425 437 484 δὲ
452 426 499 484 καὶ
516 427 547 484 αἶ
564 424 672 503 ἔχιδναί
681 447 714 482 τε
729 423 777 481 καὶ
793 424 822 481 οἱ
840 426 871 481 έν
888 420 972 497 Ἀρα·

168 514 262 589 βίοισι
287 511 441 590 ύπόπτεροι
466 512 554 589 ὄφιες,
578 516 603 571 εἰ
629 511 753 591 ἐγίνοντο
778 508 816 583 οἷς
838 507 861 584 ἦ
885 508 973 584 φύσις

166 600 278 661 αύτοῖσι
299 599 427 679 ὑπάρχει,
448 599 498 661 ούκ
522 597 557 661 ἂν
577 598 613 675 ἦν
632 598 764 675 βιώσιμα
784 594 972 708 ἀνθρώποισι·

167 686 288 758 νῦνδ,’
274 687 358 747 επεοὶν
372 686 539 765 θορνύωνται
552 713 624 747 κατα
614 685 747 766 ζεύγεα,
760 684 808 743 καὶ
823 689 855 743 ἓν
868 681 972 762 αύτῇᾖ

167 802 183 835 ο
202 776 288 851 ἔρσην
304 778 342 853 τῇ
359 774 511 851 ε’κποιήσει,
524 774 691 852 οἷτιευμένου
709 772 796 851 αὐτοῦ
807 771 863 847 τήν
860 771 972 881 γονήν,

166 888 185 937 η
177 860 327 973 θήλεα
308 888 425 923 απτεται
441 866 493 939 τῆς
508 862 608 939 δειρῆς,
627 887 675 921 και
663 847 819 936 εμφῦσα,
835 857 888 917 ούκ
901 858 973 918 οἷνίει

166 950 233 1033 πρὶν
258 947 293 1010 ἂν
299 949 454 1061 διαφύγῃ.
495 977 511 1010 ο
537 952 591 1028 μὲν
616 949 692 1025 δή”
678 972 763 1058 ερρην
794 945 973 1023 ἀποθνήσκει

166 1037 308 1118 τρόπω
274 1041 314 1097 τῶ
331 1040 472 1125 εἰρημένῳ·
492 1064 512 1113 η
504 1037 559 1097 δὲ
576 1036 713 1113 θήλεα’
683 1060 758 1095 τισιν
772 1033 923 1109 τοιήνδε
903 1061 973 1095 ατο·

166 1127 236 1186 τίνει
256 1129 296 1204 τῷ
318 1126 420 1204 ἔρσενι·
452 1129 492 1205 τῷ
514 1127 594 1208 γονεῐ
614 1123 786 1232 τιμωρέοντα
808 1123 852 1182 ἔτι
878 1127 912 1182 ἐν
936 1127 972 1202 τῇ

166 1213 270 1296 γαστρὶ
283 1212 364 1275 ε’όντα
381 1240 418 1274 τα
433 1215 516 1274 τέκνα
531 1210 699 1273 διεσθίει
664 1235 717 1288 την
733 1209 855 1288 μήτραν,
869 1210 971 1287 διαφο-

165 1302 253 1383 γόντα
273 1302 356 1362 δὲ
322 1328 374 1378 την
389 1300 526 1377 νηδύν’
492 1305 586 1377 αυτῆς,
607 1299 679 1360 οὕτω
697 1298 749 1375 τήν
766 1297 881 1358 ἔκδυσιν
895 1299 971 1357 τοιέ·

166 1415 235 1450 εται·
256 1416 284 1449 οι
273 1389 329 1450 ’δὲ
349 1388 435 1450 ἄλλοι
450 1388 585 1465 ὅφιες,”
555 1414 646 1452 εοντες
661 1384 814 1463 ἀνθρώπων
827 1412 863 1445 ου
854 1384 971 1462 δηλή
1048 1443 1050 1448 .

164 1503 255 1554 μονες,
278 1479 408 1539 τίκτουσί
426 1504 459 1538 τε
481 1477 529 1549 ὦοὶ,
557 1478 604 1537 καὶ
629 1476 783 1538 ἐκλέπουσι
804 1474 921 1535 πολλόν
942 1500 972 1535 τι

163 1570 261 1643 χρῆμα
286 1592 342 1626 των
366 1566 477 1626 τέκνων.
517 1568 547 1625 αἶ
568 1567 621 1641 μὲν
643 1563 678 1640 δή
700 1587 749 1624 νυν
769 1561 878 1641 ἔχιδναι
899 1588 972 1622 κατα

163 1656 260 1712 πᾶσαν
274 1651 327 1728 τήν
343 1657 398 1734 γῆν
417 1654 482 1713 εἶσί·
504 1656 530 1713 οἱ
546 1653 578 1712 δὲ
591 1651 744 1727 ύπόπτεροι
761 1650 854 1713 ἐόντες
871 1650 971 1727 οἷθρόοι

165 1740 221 1799 εἶσὶ
241 1744 271 1800 ἐν
286 1743 323 1819 τῇ
341 1740 473 1820 Ἀραβίη,
490 1740 537 1800 καὶ
556 1739 665 1819 οὐδαμῇ
684 1737 773 1818 ι’ίλλη·
792 1736 867 1798 κατοῖ
884 1742 971 1800 τοῦτο

165 1827 294 1889 δοκέουσι
306 1825 412 1888 πολλοὶ
425 1829 505 1890 εἶναι.

119 1917 176 1977 110
216 1917 273 1977 Τόν
297 1920 350 1995 μὲν
376 1916 410 1993 δὴ
435 1916 596 1994 λιβανωτόν
625 1920 725 1978 τοῦτον
751 1915 822 1976 ούτω
850 1919 970 1993 κτῶνται

164 2002 304 2083 Ἀράβιοι,
325 2005 378 2082 τήν
397 2005 428 2065 δὲ
447 2006 549 2081 κασίην
568 2003 630 2065 ὦδε·
651 2004 734 2064 ἒπεᾶν
754 2002 970 2079 καταδήσωνται

164 2093 295 2174 βύρσῃσι
308 2095 355 2154 καὶ
374 2094 494 2171 δέρμασι
511 2091 631 2153 ἄλλοισι
648 2097 705 2151 πᾶν
720 2091 753 2152 τό
768 2095 854 2168 σῶμα
872 2091 920 2150 καὶ
935 2091 969 2151 τό

164 2181 325 2258 πρόσωπον,
347 2181 424 2258 πλήν
450 2179 540 2241 αὐτῶν
565 2184 622 2240 τῶν
647 2179 813 2256 ὀφθαλμῶν,
837 2179 969 2256 ἔρχονται

166 2271 212 2328 ἐπὶ
231 2270 283 2344 τήν
299 2271 408 2344 κασίην·
437 2268 456 2344 ή
478 2269 508 2328 δὲ
529 2272 559 2328 ἕν
579 2268 665 2348 λίμνη
681 2265 782 2344 φύεται
804 2264 838 2326 ού
860 2267 967 2344 βαθέῃ·

165 2357 229 2432 περὶ
255 2357 286 2416 δὲ
311 2356 398 2433 αύτήν
424 2357 471 2415 καὶ
493 2361 522 2416 ἐν
549 2353 621 2434 αὐτῇ
647 2354 791 2426 αὐλίζεταί
810 2379 861 2414 κου
883 2355 968 2430 θηρία

165 2442 299 2520 πτερωτὰ,
318 2448 388 2522 τῇσι
408 2444 550 2521 νυκτερίσι
568 2443 741 2522 προσείκελα
759 2441 899 2520 μάλιστα·
921 2442 968 2501 καὶ

164 2531 273 2610 τέτριγε
286 2529 383 2589 δεινόν·
404 2531 450 2589 καὶ
465 2536 492 2594 ἐς
509 2530 601 2608 α’λκήν
618 2531 734 2609 ἄλκιμα·
753 2530 791 2591 τό
808 2529 966 2607 δήιίπαμα·

165 2617 297 2695 νομένους
323 2616 379 2677 οἷπὸ
405 2623 461 2678 τῶν
487 2617 655 2697 ὀφθαλμῶν,
682 2618 753 2679 οὕτω
779 2619 890 2696 δρέπειν
914 2618 967 2693 τήν

119 2707 174 2766 111
185 2706 294 2783 κασίην.
335 2706 375 2766 Τό
392 2707 422 2766 δὲ
438 2705 472 2783 δή
492 2705 667 2784 κιννάμωμον
680 2708 721 2766 ἔτι
740 2706 845 2767 τούτων
857 2706 966 2782 θωυμα-

165 2794 299 2871 στότερον
321 2795 505 2875 συλλέγουσι·
533 2794 600 2853 ὅκου
625 2797 677 2870 μὲν
702 2795 759 2874 γὰρ
781 2795 896 2874 γίνεται,
920 2793 966 2852 καὶ

164 2879 225 2954 ἥτις
247 2906 296 2956 μιν
314 2885 353 2961 γῆ
373 2881 393 2956 ἦ
415 2881 562 2958 τρέφουσοί
584 2887 655 2950 ε’στι,
677 2881 727 2940 οὐκ
750 2882 848 2960 ἔχουσι
869 2883 965 2940 εἰπεῖν·

165 2966 241 3040 πλήν
255 2967 306 3036 ὅτι,
314 2967 390 3071 λόγιρ
404 2967 491 3027 οἰκότι
503 2967 665 3045 χρεώμενοι,
674 2972 704 3026 ἐν
715 2968 824 3028 τοιαίδε
834 2966 968 3045 χωρίοισί

164 3054 241 3122 φασί
255 3078 327 3115 τινες
348 3053 416 3112 αὐτο
407 3052 583 3128 φύεσθαι’
570 3079 600 3113 εν
610 3057 688 3112 τοῖσι
701 3081 717 3113 ο
709 3053 901 3117 Διόνυσος’
889 3054 964 3130 ετρα’·

164 3139 215 3234 φη
236 3135 347 3210 ὄρνιθας
366 3139 397 3197 δὲ
416 3141 534 3218 λέγουσι
549 3139 677 3217 μεγάλας
693 3141 806 3216 φορέειν
823 3143 914 3200 ταῦτα
929 3165 965 3200 τα

163 3215 325 3292 κάρφεα,
290 3248 327 3281 τα
339 3223 420 3298 ἡμεῖς
433 3224 488 3284 οἱπο
481 3225 632 3284 Φοινίκων
640 3225 779 3300 μαθόντες
787 3225 964 3303 κιννάμωμον
