2150 3500
98 139 197 203 ο-ιι]
424 141 588 191 mma.
857 145 906 193 ιιι

76 219 211 296 .ἦμέρην
231 220 346 301 γίνεται.
387 220 481 298 ἕτερον
502 224 630 282 τοιοῦτον
654 220 761 282 κόλπον
784 222 830 282 καὶ
854 221 908 298 τὴν

101 308 246 388 Αἴγυπτον
257 307 342 366 δοκέω
350 308 483 389 γενέσθαι
493 333 552 368 κου·
570 308 620 369 τόν
628 312 681 386 μὲν
691 315 721 369 ἐκ
730 313 781 386 τῆς
788 311 907 387 βορηίης

102 395 256 471 θαλάσσης
276 394 384 456 κόλπον
406 395 542 476 ἐσέχοντα
563 397 609 456 ἐπὶ
630 398 785 474 Αἰθιοπίης·
806 398 857 458 τόν
877 399 907 459 δὲ
958 411 961 420 ’

101 482 260 566 [Ἂράβιοα
270 482 320 543 τόν
333 484 451 562 ἔρχομαι
463 483 564 566 λέξων]
577 489 607 544 ἐκ
616 489 667 562 τῆς
679 487 771 562 νοτίης
785 488 907 564 φέροντο

102 573 151 631 ἐπὶ
173 570 283 648 Συρίης·
303 571 407 651 σχεδόν
420 573 471 650 μὲν
485 572 643 648 ἀλλήλοισι
662 575 907 651 συντετραίνοντας

101 658 169 722 τούς
195 658 310 737 μυχούς,
336 658 435 740 ὀλίγον
461 660 493 718 δέ
515 686 545 721 τι
569 661 830 738 παραλλάσσοντας
855 667 907 740 τῆς

101 747 205 826 χώρης·
231 751 256 807 εἰ
278 746 316 807 ὦν
338 747 372 822 δη
397 746 527 823 ἐθελήσει
551 750 681 828 ἐκτρέψαι
701 749 734 810 τό
755 750 869 828 ῥέεθρον
890 750 907 812 ό

102 839 210 899 Νεῖλος
223 839 252 899 ἐς
263 840 362 897 τοῦτον
372 841 421 895 τόν
433 834 571 913 Ἀράβιον
585 836 739 907 κόλπονιτί
749 864 798 915 μιν
808 837 908 899 κωλύει

102 923 216 1000 ῥέοντος
224 923 323 984 τούτου
334 924 510 1004 ἐκχωσθῆναι
520 925 597 989 ἐντός
608 952 642 1007 γε
652 926 802 1003 δισμυρίων
813 927 906 998 ἐτέων;
990 929 996 936 ’

103 1011 160 1092 ἐγω
177 1011 297 1094 μὲνγὰρ
311 1012 435 1090 ἔλπομαί
445 1037 479 1094 γε
493 1013 539 1072 καὶ
551 1013 655 1092 μυρίων
669 1013 746 1077 ἐντός
761 1016 907 1094 χωσθῆναι

103 1097 149 1158 ἄν·
170 1104 220 1159 κοῦ
235 1125 269 1181 γε
282 1099 316 1176 δη
331 1104 360 1160 ἐν
371 1105 410 1179 τῷ
422 1101 690 1181 προαναισιμωμένῳ
705 1102 797 1182 χρόνῳ
810 1101 908 1179 πρότε-

101 1213 155 1264 ρον
181 1186 200 1264 ἢ
227 1190 275 1266 ἐμέ
301 1188 434 1270 γενέσθαι
460 1186 511 1247 οὐκ
532 1186 567 1248 ἂν
587 1189 712 1267 χωσθείη
734 1188 839 1252 ’κόλπος
862 1191 908 1250 καὶ

102 1278 205 1355 πολλῷ
224 1277 312 1353 μέζων
326 1278 366 1336 ἐτι
380 1274 489 1346 τούτου,
502 1274 559 1336 ύπό
578 1274 715 1336 τοσούτου
731 1301 761 1335 τε
778 1282 906 1354 ποταμοῦ

103 1364 152 1423 καὶ
165 1363 250 1428 οὕτως
262 1369 407 1447 ἐργατικοῦ
410 1390 420 1434 ;
441 1363 484 1423 Τά
493 1363 557 1442 περὶ
567 1364 710 1445 Αἴγυπτον
724 1362 818 1424 ὤνκαὶ
830 1368 907 1425 τοῖσι
917 1367 955 1426 12

102 1452 224 1533 λέγουσι
236 1451 307 1513 αύτά
320 1444 462 1529 πείθομαι,
477 1453 524 1512 καὶ
541 1450 624 1515 αότός
638 1451 708 1512 οὕτω
722 1452 809 1530 κάρτα
823 1452 908 1512 δοκέω
939 1463 941 1468 ’

103 1538 184 1611 εἶναι,
198 1538 304 1600 ἰδόντε
322 1539 374 1616 τὴν
386 1540 530 1621 Αἵγικττον
543 1540 727 1618 προκειμένην
747 1542 798 1616 τῆς
812 1541 908 1620 ἐχομέ-

102 1653 153 1704 νης
173 1632 235 1710 γῆς,
258 1627 397 1709 κογχύλιά
417 1653 449 1688 τε
470 1627 627 1705 φαινόμενα
644 1629 690 1687 ἐπὶ
704 1631 782 1688 τοῖσι
803 1627 907 1706 οὔρεσι,

103 1717 152 1777 καὶ
175 1715 269 1795 ἅλμην
293 1717 485 1777 ἐπανθέουσαν
510 1715 584 1777 ὥστε
608 1717 654 1776 καὶ
680 1716 730 1780 τάς
752 1717 909 1795 πυραμίδας

102 1806 265 1881 δηλέεσθαι,
279 1806 325 1865 καὶ
339 1804 456 1886 ψάμμον
474 1809 578 1883 μοῦνον
591 1804 735 1886 Αἰγύπτου
749 1804 812 1883 ὄρος
824 1811 907 1866 τοῦτο

102 1894 137 1955 τό
150 1894 220 1972 ύπέρ
237 1895 372 1971 Μέμφιος
392 1895 466 1991 ἕχον·
486 1893 558 1971 πρός
578 1894 616 1965 δέ,
636 1897 673 1973 τῇ
692 1894 770 1973 χάρη
790 1894 907 1973 ούτετῇ

101 1981 227 2061 Ἀραβίη
239 1982 388 2062 προσούρῳ
403 1982 487 2061 ἐούσῃ
499 1982 552 2059 τὴν
559 1982 702 2061 Αἴγυπτον
712 1983 906 2060 προσεικέλην,

103 2070 169 2132 οὔτε
180 2070 329 2151 τῇΑιβύη,
345 2070 377 2131 ού
388 2070 446 2149 μην
459 2070 521 2129 ούδέ
533 2074 571 2149 τῇ
584 2070 679 2148 Συρίῃ,
688 2069 750 2149 (τῆς
761 2069 817 2151 γάρ
826 2069 908 2146 Ἀρα-

103 2157 172 2237 βίης
194 2159 229 2220 τιί
250 2158 328 2237 παρά
360 2159 513 2220 θάλασσαν
536 2156 633 2235 Σύριοι
655 2157 806 2237 νέμονται)
831 2155 908 2216 άλλοὶ

102 2247 278 2330 μελάγγαιόν
299 2274 331 2307 τε
353 2247 400 2306 καὶ
424 2244 687 2325 κατερρηγνυμένην,
709 2242 783 2305 ὥστε
807 2247 909 2306 ἐοῦσαν

104 2336 168 2397 ἰλύν
183 2362 214 2395 τε
236 2336 283 2395 καὶ
294 2335 435 2416 πρόχυσιν
451 2334 482 2404 ἐξ
498 2333 646 2409 Αἰθιοπίης
666 2332 909 2414 κατενηνειγμένην

102 2424 159 2485 ύπό
172 2429 223 2485 τοῦ
235 2429 373 2501 ποταμοῦ·
393 2422 447 2499 τὴν
460 2422 490 2482 δὲ
503 2420 616 2497 Λιβύην
628 2420 714 2500 ἰ’δμεν
727 2420 908 2499 ἐρυθροτέρην

102 2538 134 2575 τε
146 2517 202 2595 γῆν
215 2515 262 2573 καὶ
278 2510 525 2592 ὖποψαμμοτέρην,
539 2508 590 2586 τήν
613 2510 643 2569 δέ
659 2509 799 2588 Ἀραβίην
811 2520 843 2569 τε
863 2510 909 2569 καὶ

103 2602 209 2679 Συρίην
221 2601 462 2682 ἀργιλωδεστέρην
474 2625 506 2659 τε
520 2599 566 2657 καὶ
578 2596 737 2676 ὑπόπετρον
751 2600 862 2658 ἐοῦσαν.

138 2689 263 2771 Ἔλεγον
275 2689 306 2747 δὲ
318 2689 365 2747 καὶ
381 2687 446 2748 τόδε
460 2712 510 2764 μοι
522 2687 597 2768 μέγα
609 2685 759 2764 τεκμήριον
774 2686 837 2762 περὶ
858 2688 909 2760 τῆς
919 2684 957 2743 13

101 2777 197 2859 χώρης
218 2776 320 2853 ταύτης
342 2779 370 2837 οἱ
393 2774 471 2855 ίρέες,
495 2773 532 2839 οἷς
555 2775 602 2835 ἐπὶ
620 2776 740 2851 Μοίριος
762 2771 909 2848 βασιλέος,

103 2867 174 2929 ὅκως
186 2864 291 2926 ἔλθοιό
304 2863 430 2941 ποταμός
439 2864 485 2924 ἐπὶ
498 2861 570 2923 σ’κτιδ
583 2861 690 2941 πήχεας
698 2859 732 2920 τό
747 2857 907 2938 ἐλάχιστον,

103 2954 224 3032 ἄρδεσκε
244 2947 388 3036 Αἴγυπτον
408 2950 461 3028 τὴν
480 2952 571 3029 ἔνερθε
590 2950 734 3026 Μέμφιος·
756 2948 802 3006 καὶ
821 2945 910 3022 Μοίρι

104 3040 138 3102 ού
152 3041 235 3118 κωέρν
249 3042 310 3101 ἐτεα
324 3039 466 3100 εἰνακόσια
478 3034 748 3113 τετελευτηκότιὸσε
761 3036 817 3093 τῶν
831 3033 909 3110 ἱρέων

102 3134 193 3191 ταῦτα
215 3129 268 3211 ἐγω
287 3128 398 3204 ἤκουον·
427 3132 476 3188 νῦν
498 3126 536 3197 δέ,
555 3124 590 3202 ἣν
607 3123 647 3199 μὴ
667 3121 708 3181 ἐπ’
734 3118 908 3195 έκκαίδεκοῆ

96 3218 301 3278 ’πεντεκαιδεκα
313 3215 422 3294 πήχεας
434 3214 529 3291 ἀναβῇ
539 3213 572 3273 τό
584 3210 735 3289 ἐλάχιστον
749 3204 909 3283 ὁποταμδς,

94 3306 157 3367 ὀὐκ
170 3304 333 3381 ὑπερβαίνει
352 3308 379 3365 ἐς
391 3302 443 3378 την
455 3301 559 3379 χώρην.
601 3296 733 3357 δοκέουσί
751 3320 783 3356 τε
799 3319 852 3371 μοι
861 3297 910 3352 Αἱ·

184 3384 213 3429 10
1011 3413 1069 3461 Α
