2150 3500
102 137 247 204 τοι-1ου]
420 137 585 188 mma.
857 137 903 192 ιιι

138 215 951 330 ΤοῦτρνδὴτῦνΑίγύπτιονΣέσωστρινοῖναχωρέοντα107

101 306 150 365 καὶ
169 304 309 392 όνύηοντα
328 304 456 370 πολλοῦς
475 303 695 381 ἅνθριύπους
655 329 711 365 των
731 305 887 365 ἐθνέων
849 331 904 367 των

100 419 153 456 τας
171 393 264 473 χώρας
284 392 502 472 κατεστρέψατο,
524 394 670 473 ἔλεγον*
644 417 670 452 οι
693 391 769 500 ἱρέες,
791 394 854 452 ἐπεί
872 419 904 455 τε

101 481 212 563 ἐγένετο
228 479 492 559 α’νακομιζόμενος’
478 506 508 541 εν
522 480 710 560 Δάφνῃσι
674 505 742 560 τησι
758 482 904 557 Πηλουσί-
971 553 975 556 ,

100 595 163 648 ῃσι,
180 567 230 630 τόν
250 567 391 645 α’δελφεδν
410 572 512 629 ἐωυτοῦ
531 573 570 647 τῷ
590 569 724 647 ε’πέτρεψε
744 569 905 647 Σέσωστρις

98 656 154 732 τὴν
174 657 325 738 Αἴγυπτον,
345 659 445 717 τοῦτον
464 655 511 716 ἐπὶ
531 656 618 726 ξείνια
638 655 724 717 αὐτόν
744 656 905 718 καλέσαντα

100 744 150 802 καὶ
166 744 237 822 πρός
253 743 327 824 αύτῷ
341 745 407 808 τοῦς
423 744 532 814 παῖδας,
551 747 720 822 περινηῆσαι
734 744 832 814 ἔξωθεν
850 744 904 821 την

99 832 192 908 οἰκίην
204 831 261 911 ῦλη
277 830 486 910 περινηήσαντα
503 831 534 891 δὲ
551 831 726 909 ῦποπρῆσαι·
745 831 796 893 τόν
816 832 853 903 δέ,
868 832 904 896 (ῦς

97 920 201 995 μαθεῖν
222 923 316 991 τοῦτο,
337 919 437 980 αύτίκοι
457 918 708 997 συμβουλεύεσθαι
727 922 764 998 τῇ
783 924 902 1001 γυναικί·

98 1006 147 1070 καὶ
158 1006 214 1089 γᾶρ
228 1006 263 1084 δὴ
276 1008 323 1067 καὶ
333 1006 386 1084 τὴν
398 1009 516 1089 γυναῖκα
529 1006 615 1068 αύτῦν
627 1006 687 1084 ἅμα
699 1005 829 1088 όγεσθαι·
849 1007 903 1084 την

97 1093 132 1153 δέ
144 1097 171 1154 οἶ
184 1097 412 1172 συμβουλεῦσαι,
425 1098 481 1157 τῶν
493 1095 599 1155 παίδων
612 1095 712 1156 ἐόντων
726 1095 763 1166 ἐξ,
776 1095 841 1160 τοῦς
853 1095 903 1156 δύο

97 1182 146 1241 ἐπὶ
158 1181 211 1259 την
223 1183 315 1260 πυρῆν
331 1181 491 1245 ἐκτείναντα
509 1186 675 1264 γεφυρῶσαι
692 1181 726 1243 τῦ
747 1181 901 1260 καιόμενον,

96 1268 200 1334 αύτούς
230 1269 255 1331 δ’
280 1269 324 1331 ἐπ’
350 1272 459 1332 ἐκείνων
490 1271 687 1347 ἐπιβαίνοντας
719 1269 901 1342 ε’κσιύζεσθαι·

95 1360 186 1417 ταῦτα
199 1361 318 1435 ποιῆσαι
329 1358 380 1420 τόν
393 1358 565 1436 Σέσωστριν,
580 1359 626 1417 καὶ
639 1358 688 1418 δύο
705 1359 758 1436 μὲν
770 1361 825 1418 τῶν
838 1359 901 1418 παί-

96 1444 153 1504 δων
179 1451 351 1523 κατακαῆναι
372 1444 468 1526 τρόπῳ
493 1444 618 1524 τοιούτῳ,
640 1444 706 1510 τοῦς
728 1445 759 1504 δέ
784 1445 901 1509 λοιποῦς

96 1530 281 1610 ἀποσωθῆναι
294 1532 353 1611 ἅμα
365 1536 404 1613 τῷ
415 1534 511 1612 πατρί.
544 1531 702 1609 Νοστήσας
715 1533 745 1593 δέ
758 1533 774 1594 6
789 1533 881 1599 Σέσω·
891 1535 949 1595 108

96 1645 180 1698 στρις
192 1627 220 1687 ἐς
232 1622 285 1699 την
298 1622 441 1704 Αἴγυπτον
460 1622 506 1681 καὶ
520 1619 672 1698 τισόμενος
689 1619 739 1681 τόν
751 1620 900 1699 ἀδελφεὰν,

94 1711 136 1788 τῷ
153 1711 205 1786 μὲν
222 1709 313 1791 ὁμίλῳ
326 1710 376 1772 τόν
393 1709 559 1792 ἐπηγάγετο,
576 1712 631 1770 τῶν
648 1707 699 1773 τοὶς
714 1708 807 1790 χώρας
823 1734 900 1770 κατε-

95 1798 250 1876 στρέψατο,
270 1798 359 1878 τούτῳ
379 1801 431 1876 μὲν
457 1797 524 1859 τόδε
551 1796 703 1876 ἐχρήσατο·
730 1796 795 1861 τούς
816 1797 850 1859 τέ
872 1800 899 1857 οἳ

96 1885 203 1955 λίθους,
215 1884 281 1949 τοῦς
300 1887 347 1945 ε’πὶ
366 1886 465 1946 τούτου
484 1888 535 1946 τοῦ
556 1885 695 1961 βασιλέος
715 1885 899 1962 κομισθέντας

96 1976 126 2036 ἐς
145 1976 198 2032 τοῦ
209 1972 373 2050 Ἡφαίστου
392 1973 425 2034 τῦ
447 1971 516 2050 ἱρόν,
532 1971 628 2053 ἐόντας
648 1971 766 2053 μεγάθεϊ
784 1972 899 2050 περιμή·

98 2084 170 2131 κεας,
189 2057 267 2122 οῦτοι
285 2060 362 2138 ἦσαν
382 2063 410 2121 οἶ
430 2059 607 2122 ἑλκύσαντες·
628 2060 674 2117 καὶ
694 2058 745 2122 τὰς
763 2058 899 2139 διώρυχας

94 2146 149 2211 τὰς
165 2151 214 2209 ιῦν
232 2148 334 2213 ἐούσας
352 2153 381 2209 ἐν
395 2146 527 2228 Αἰγύπτῳ
543 2146 638 2209 πόσας
656 2141 733 2206 οῦτοι
748 2143 899 2226 ἀναγκαζό-

94 2260 178 2313 μενοι
191 2235 330 2315 ὤρυσσον·
351 2236 461 2296 ἐποίευν
476 2260 509 2295 τε
527 2232 578 2293 ούκ
592 2232 698 2297 ἑκόντες
710 2232 854 2314 Αἴγυπτον
864 2232 899 2293 τῦ

95 2323 166 2399 πρὶν
190 2327 293 2385 ἐοῦσαν
314 2323 476 2433 ἱππασίμην
498 2322 546 2381 καὶ
572 2320 781 2429 ἅμαξευρμένην
802 2323 899 2382 πᾶσαν

96 2410 178 2470 ἐνδεᾶ
189 2411 303 2472 τούτων·
324 2410 430 2472 ἀπό
393 2436 448 2491 γαρ
461 2408 561 2470 τούτου
572 2412 624 2469 τοῦ
635 2408 739 2489 χρόνου
748 2408 898 2491 Αιγυπτος,

97 2501 188 2559 ἐοῦσα
209 2498 305 2563 πεδιῦς
323 2502 414 2568 πᾶσα,
435 2496 555 2561 ἄνιππος
580 2496 627 2557 καὶ
647 2495 835 2604 ἀναμάξευτος
854 2496 898 2578 γέ-

96 2606 173 2666 γονε·
193 2587 280 2647 αἴτιαι
295 2584 326 2647 δὲ
337 2586 442 2648 τούτων
456 2610 485 2644 αι
475 2582 628 2664 διώρυχες
643 2583 786 2666 γεγόνασι,
801 2588 899 2645 ἐοῦσαι

96 2674 207 2732 πολλαὶ
220 2673 267 2733 καὶ
280 2673 427 2738 παντοίους
442 2672 564 2750 τρόπους
579 2674 704 2751 ἔχουσαι.
746 2672 899 2751 κατέταμνε

97 2759 130 2820 δέ
149 2761 278 2821 τοῦδε
251 2787 341 2822 εινεκα
363 2761 416 2838 την
436 2760 531 2840 χόρην
552 2785 568 2819 ο
560 2758 776 2835 βασιλεύς·
760 2784 824 2819 οσοι
844 2762 898 2820 τῶν

97 2848 258 2928 Αἰγυπτίων
277 2849 318 2927 μή
340 2849 387 2909 ἐπὶ
407 2851 446 2927 τῷ
466 2849 583 2925 ποταμῷ
604 2846 716 2921 ἔκτηντο
737 2869 787 2907 τας
806 2845 898 2916 πόλις,

97 2933 205 2995 ἄλλ’
187 2937 352 3014 αναμέσους,
373 2932 458 3006 οῦτοι,
480 2934 550 2997 ὅκως
571 2957 602 2993 τε
625 2930 703 2991 ἀπίοι
724 2930 740 2990 ὁ
761 2931 898 3008 ποταμᾶς,

97 3024 280 3131 σπανίζοντες
305 3022 412 3084 ῦδότων
436 3020 681 3099 πλατυτέροισι’
667 3017 820 3127 εχρέοντο
822 3020 900 3077 τοῖσι

97 3110 219 3186 πόμασι,
246 3116 277 3170 ἐκ
307 3109 435 3188 φρεότων
463 3108 620 3192 χρεόμενοι·
654 3104 758 3165 τούτων
786 3105 838 3181 μὲν
863 3104 898 3179 δη

98 3198 191 3258 εἵνεκα
219 3197 422 3275 κατετμήθη
402 3222 422 3273 η
448 3198 599 3277 Αἴγυπτος
647 3194 822 3268 Κατανεῖμαι
847 3189 944 3252 δέ109

97 3310 153 3362 την
178 3284 273 3364 χόρην
293 3282 518 3367 Αἰγυπτίοισι
498 3306 591 3343 απασι
610 3283 711 3342 τοῦτον
730 3280 829 3427 ἔλεγον
848 3273 898 3341 τόν
