2150 3500
126 145 238 211 ιιι-ιι]
472 146 585 196 mm.
611 153 615 157 >
722 193 724 197 ,
897 147 930 194 ιο

126 223 313 306 λαγχανούσῃ
325 227 382 286 τῶν
394 225 512 302 μοιρέων
525 221 688 284 ἑωυτδντδν
699 222 828 299 βασιλέα
835 247 929 299 ’προσ-

123 312 255 383 τάσσειν,
281 314 328 372 ε’πὶ
354 312 385 372 δὲ
410 315 447 390 τῇ
480 311 727 389 ἀπαλλασσομένῃ
751 309 804 372 τόν
830 314 930 372 ἔωυτοΰ

125 401 224 474 παῖδα,
234 405 273 478 τῷ
286 399 392 478 οὔνομα
402 400 472 460 εἶναι
481 397 635 477 Τυρσηνόν·
649 397 790 477 λαχόντας
800 399 830 458 δὲ
839 399 929 460 αὐτῶν

126 489 194 552 τούς
217 489 325 566 ἑτέρους
349 489 448 559 ἐξιέναι
470 493 501 548 ἐκ
524 490 576 563 τῆς
597 486 697 566 χώρης,
721 488 880 563 καταβῆναι
904 493 932 554 ές

130 576 261 654 Σμύρνην
274 576 320 636 καὶ
333 575 556 656 μηχανήσασθαι
568 578 665 649 πλοῖα,
679 579 707 637 ές
717 573 755 634 τὰ
768 575 933 651 ἐσθεμένους

127 664 167 725 τοὶ
187 664 280 724 πάντα
300 663 357 726 ὅσα
373 670 430 740 σφι
448 663 485 739 ῆν
503 661 616 743 χρηστὰ
636 663 767 733 ἐπίπλοα
781 661 934 726 α’ποπλέειν

129 754 203 814 κατοὶ
223 753 291 829 βίου
311 778 344 813 τε
364 753 410 812 καὶ
429 757 483 833 γῆς
504 750 630 829 ζήτησιν·
651 756 680 815 ἔς
699 749 717 811 δ
737 753 817 813 ἔθνεα
833 752 932 813 πολλὰ

127 841 396 920 παραμειψαμένους
422 840 572 901 ἀπικέσθαι
598 845 627 904 ἐς
651 839 834 918 Ὀμβρικούς·
868 842 934 902 ἔνθα

131 931 226 1005 σφέας
251 927 451 1006 ἐνιδρύσασθαι
472 927 577 992 πόλιας
600 929 647 988 καὶ
674 928 773 988 οἰκέειν
794 928 827 988 τό
849 930 934 1009 μέχρι
975 976 976 979 ¹

131 1017 230 1077 τοῦδε·-
237 1016 298 1077 όντὶ
308 1017 338 1076 δὲ
349 1016 448 1077 Λυδῶν
460 1017 706 1094 μετονομασθῆναι
716 1014 816 1080 αύτούς
829 1017 874 1075 ἐπὶ
882 1022 934 1077 τοῦ

133 1106 274 1182 βασιλέος
290 1109 341 1166 τοῦ
353 1105 452 1168 παιδός
470 1103 501 1168 ὅς
520 1110 614 1180 σφεας
626 1103 757 1184 ἀνήγαγε,
772 1105 818 1165 ἐπὶ
834 1104 934 1165 τούτου

132 1191 187 1268 τῆν
201 1191 355 1270 ἐπωνυμίην
366 1192 547 1269 ποιευμένους
559 1191 752 1269 ὀνομασθῆναι
764 1193 934 1270 Τυρσηνούς.

134 1281 223 1341 Λυδοὶ
234 1285 286 1359 μὲν
298 1282 332 1358 δῆ
344 1281 399 1342 ύπδ
413 1281 548 1360 Πέρσῃσι
562 1279 741 1340 δεδούλωντο.

175 1369 347 1447 Ἐπιδίζηπαι
360 1371 390 1430 δὲ
403 1369 437 1446 δῆ
451 1369 484 1429 τό
498 1370 623 1430 ἐνθεῦτεν
634 1367 703 1445 ἡμῖν
715 1368 731 1429 ό
744 1368 831 1452 λόγος
843 1369 893 1431 τόν
904 1397 935 1430 τε
943 1375 982 1432 95

136 1462 233 1536 Κῦρον
250 1457 329 1523 ὅστις
349 1457 401 1520 εἰδν
415 1457 468 1534 τῆν
487 1457 617 1536 Κροίσου
637 1455 728 1537 οἷρχῆν
749 1462 868 1529 κατεῖλε,
891 1459 937 1518 καὶ

135 1545 201 1610 τούς
214 1547 331 1624 Πέρσας
343 1545 411 1626 ὅτεῳ
423 1545 518 1626 τρόπῳ
529 1544 677 1626 ῆγῆσαντο
689 1549 740 1622 τῆς
749 1545 860 1623 ,Ἀσίηα
895 1546 938 1612 οἷς

109 1629 115 1648 x
137 1633 175 1694 ὧν
188 1635 323 1712 Περσέων
338 1634 510 1712 μετεξέτεροι
525 1634 652 1714 λέγουσι,
667 1637 694 1692 οἱ
707 1633 751 1712 Ιμῆ
766 1634 938 1713 βουλόμενοι

135 1726 260 1800 σεμνοῦν
270 1721 306 1783 τό
316 1722 380 1801 περὶ
393 1726 489 1800 Κῦρον
499 1720 577 1783 ἀλλὰ
588 1721 639 1783 τόν
648 1721 730 1783 ἐόντα
739 1723 832 1805 λέγειν
841 1724 937 1807 λόγον,

137 1810 209 1871 κατδ
221 1816 309 1871 ταῦτα
320 1810 429 1893 γράψω,
444 1809 629 1888 ἐπισπόμενος
640 1812 704 1888 περὶ
717 1811 813 1889 Κύρου
820 1813 870 1872 ἐκαὶ
881 1838 938 1891 τρι-

136 1900 247 1975 φασίας
254 1898 345 1963 ἄλλας
354 1898 448 1981 λόγων
457 1897 537 1963 ὁδούς
548 1904 644 1976 φῆναι.
673 1900 939 1981 Ἀσσυρίωνᾶρχόν-

135 2012 192 2048 των
204 1992 255 2063 τῆς
267 1988 323 2048 ἅνω
338 1987 440 2064 Ἀσίης
456 1987 497 2047 ἐπ’
511 1988 573 2047 ἔτεα
590 1988 680 2048 ε’ίκοσι
697 1988 743 2046 καὶ
760 1990 938 2061 πεντακόσια,

136 2078 244 2153 πρῶτοι
261 2074 308 2135 ἀπ’
327 2074 417 2136 αὐτῶν
435 2075 531 2150 Μῆδοι
548 2073 668 2152 ἤρξαντο
686 2074 873 2136 ἀπίστασθαι·
894 2102 940 2137 και

139 2188 192 2227 κως
213 2161 290 2224 οὗτοι
310 2164 375 2242 περὶ
397 2167 448 2239 τῆς
470 2161 627 2239 ἐλευθερίης
648 2162 842 2241 μαχεσόμενοι
864 2168 941 2225 τοῖσι

137 2251 329 2329 Ἀσσυρίοισι,
339 2252 465 2335 ἐγένοντο
476 2249 572 2328 ἄνδρες
581 2249 692 2331 ἀγαθοί·
706 2251 752 2309 καὶ
760 2249 940 2327 ἀπωσόμενοι

137 2340 191 2417 τῆν
206 2340 387 2417 δουλοσύνην,
401 2337 644 2416 ἠλευθερώθησαν.
684 2337 755 2415 μετοὶ
773 2338 802 2397 δὲ
818 2338 940 2413 τούτους,

139 2429 187 2489 καὶ
209 2428 247 2488 τοὶ
269 2427 347 2488 ἅλλα
374 2429 452 2488 ἔθνεα
476 2428 567 2487 ἐποίεε
589 2425 676 2487 τώυτό
702 2430 779 2487 τοῖσι
804 2427 941 2504 Μήδοισι.

139 2516 241 2578 ε’όντων
259 2518 289 2577 δὲ
304 2515 463 2593 αὐτονόμων
482 2514 594 2575 πάντων
612 2514 665 2575 οἷνοὶ
684 2514 737 2591 τῆν
755 2514 870 2594 ἤπειρον
891 2515 942 2577 ὦδε

139 2604 219 2669 αὖτις
231 2611 259 2669 ἐς
274 2605 435 2683 τυραννίδας
451 2604 614 2682 περιῆλθον·
634 2602 727 2682 Ἀνῆρ
736 2611 767 2666 ε’ν
782 2609 860 2666 τοῖσι
878 2605 941 2682 Μή·
951 2608 989 2666 96

136 2693 217 2753 ,δοισι
233 2694 342 2775 ἐγένετο
359 2692 452 2769 σοφός
468 2696 506 2771 τῷ
519 2690 625 2769 οὔνομα
641 2691 677 2768 ἦν
690 2692 821 2769 Δηῖόκης,
834 2698 900 2758 παῖς
912 2695 943 2754 δὲ

139 2779 176 2857 ἦν
189 2780 346 2859 Φραόρτεω·
368 2778 479 2844 οὗτοςὸ
498 2779 622 2856 Δηῖόκης
640 2781 767 2857 ἐρασθεὶς
784 2782 943 2858 τυραννίδος

141 2870 233 2930 ἐποίεε
242 2868 345 2929 τοιάδε.
375 2868 577 2945 κατοικημένων
585 2872 640 2927 τῶν
650 2866 756 2942 Μήδων
764 2868 834 2927 κατὰ
842 2868 942 2944 κώμας,

142 2962 173 3019 έν
185 2961 222 3037 τῇ
235 2960 335 3017 ἑωυτοῦ
354 2955 405 3016 έδν
422 2958 467 3015 καὶ
482 2954 618 3033 πρότερον
637 2954 750 3030 δόκιμος
769 2955 815 3012 καὶ
829 2956 943 3031 μᾶλλόν

135 3070 170 3106 Ιτι
186 3046 233 3105 καὶ
250 3042 459 3122 προθυμότερον
477 3042 654 3118 δικαιοσύνην
670 3041 830 3115 ἐπιθέμενος
847 3039 942 3116 ῆσκεε·

141 3135 190 3193 καὶ
201 3136 291 3193 ταῦτα
303 3133 407 3208 μέντοι,
417 3130 516 3207 ἐούσης
529 3130 645 3206 ἀνομίης
657 3131 769 3202 πολλῆς
781 3126 835 3187 ἄνα
847 3132 945 3190 πᾶσαν

141 3221 196 3297 τῆν
216 3218 356 3296 Μηδικῆν,
371 3219 461 3278 ἐποίεε
481 3217 664 3292 ἐπιστάμενος
682 3214 727 3276 ὅτι
746 3219 784 3293 τῷ
799 3215 894 3294 δικαίῳ
910 3216 945 3276 τδ

141 3307 240 3369 ἄδικον
263 3304 401 3383 πολέμιόν
423 3311 492 3365 ἐστι·
521 3305 549 3363 οἱ
570 3303 594 3363 δ’
615 3309 645 3363 ἐκ
671 3307 722 3379 τῆς
741 3301 826 3379 αὐτῆς
852 3302 945 3380 κόμης

216 3391 230 3435 5
