2150 3500
106 124 247 187 ιιι-ιιι]
439 125 574 177 omn.
860 131 908 179 ιιι

100 232 204 286 γιστον
214 204 273 285 εἶχε
286 206 333 264 καὶ
346 204 535 282 ὁμοτράπεζος
545 207 666 282 βασιλέϊ
678 206 812 289 ἐγεγόνεε·
832 206 909 283 πλήν

102 318 133 353 τε
151 293 211 357 ἐνῦς
227 296 278 353 τοῦ
296 298 324 356 ἐς
336 292 480 368 Ἕλληνας
499 292 617 365 ἀπιέναι,
639 294 729 355 πάντα
742 294 777 355 τοί
790 293 868 354 ἀλλα
881 297 908 354 οἰ

101 386 204 459 παρῆν.
247 382 293 440 καὶ
313 384 396 441 τοῦτο
411 384 464 458 μὲν
483 382 549 445 τοῦς
566 384 735 462 Αἰγυπτίους
752 381 863 460 ἰητροῦς
881 382 908 442 οἰ

100 470 230 545 βασιλέα
250 468 387 547 πρότερον
409 472 497 538 ἰῶντο,
518 470 677 545 μέλλοντας
694 469 908 531 ἀνασκολοπιεί·

102 558 172 617 σθαι
186 556 257 618 διότι
270 556 325 616 ῦπδ
335 556 479 632 Ἕλληνος
493 560 588 634 ἰητροῦ
602 556 781 633 ἑσσώθησαν,
794 557 909 623 τούτους
979 635 981 638 Ι

102 644 231 718 βασιλέα
240 643 487 721 παραιτησάμενος
500 642 648 722 ἐρρύσατο·
668 648 752 705 τοῦτο
766 645 795 703 δὲ
807 644 907 722 μάντιν

101 723 220 791 Ἠλεῖον
233 731 411 809 Πολυκράτεϊ
425 731 623 807 ἐπισπόμενον,
635 732 681 792 καί
689 731 907 809 ἀπημελημένον

100 823 133 880 ἐν
151 822 229 879 τοῖσι
249 818 458 896 ἀνδραπόδοισι,
479 818 627 895 ἐρρύσατο.
660 819 696 895 ἦν
719 819 749 880 δέ
771 820 908 901 μέγιστον

100 910 221 985 πρῆγμα
237 906 407 983 Δημοκήδης
425 906 505 984 παραὶ
519 907 652 983 βασιλέϊ.
687 945 689 948 -

142 993 192 1055 Ἐν
204 995 296 1074 χρόνῳ
309 994 339 1054 δὲ
352 993 440 1075 ὀλίγῳ
456 995 527 1070 μετά
540 999 637 1065 ταῦτα,
651 994 719 1055 τάδε
730 993 809 1055 ἀλλα
821 1021 885 1056 συν-
896 997 954 1057 133

100 1080 194 1158 ήνεικε
213 1083 355 1163 γενέσθαι.
389 1080 519 1161 Ἀπόσση
540 1086 577 1161 τῇ
597 1082 694 1160 Κύρου
715 1084 768 1160 μέν
789 1084 907 1165 θυγατρὶ

101 1171 224 1247 Δαρείου
237 1170 268 1230 δὲ
279 1170 389 1251 γυναικὶ
403 1170 449 1229 ἐπὶ
464 1174 516 1230 τοῦ
527 1174 641 1246 μαστοῦ
654 1171 709 1247 ἔφυ
723 1174 814 1248 φῦμα·
834 1171 907 1247 μετά

100 1257 140 1327 δὲ,
156 1260 271 1340 ἐκραγὲν
284 1259 396 1334 ἐνέμετο
412 1256 521 1336 πρόσω.
556 1256 626 1343 όσον
638 1260 691 1333 μέν
703 1258 738 1333 δή
752 1258 855 1336 χρόνον
868 1258 904 1333 ἦν

100 1346 238 1416 ἔλασσον,
245 1346 273 1425 ἦ
290 1345 321 1405 δέ
340 1344 504 1424 κρύπτουσα
524 1345 571 1404 καί
591 1344 781 1423 αἰσχυνομένη
803 1345 906 1424 ἔφραζε

100 1432 200 1493 ούδενί·
222 1433 284 1494 ἐπεί
296 1458 329 1493 τε
341 1433 371 1493 δὲ
386 1439 415 1493 ἐν
428 1437 501 1512 κακῷ
513 1431 557 1509 ἦν,
570 1434 770 1510 μετεπέμψατο
782 1432 833 1492 τόν
847 1439 903 1509 Δη-

98 1520 226 1597 μοκήδεα
245 1522 296 1581 καί
315 1524 342 1581 οἱ
361 1521 481 1591 ἐπέδεξε·
506 1520 522 1581 ἀ
542 1520 574 1581 δέ
593 1520 652 1599 φάς
668 1520 749 1603 ῦγιέα
765 1519 905 1597 ποιήσειν,

100 1608 212 1686 ἐξορκοῖ
229 1635 279 1686 μιν
294 1607 313 1684 ἦ
330 1608 388 1686 μήν
404 1613 430 1670 οἰ
447 1608 686 1690 ἀντυπουργήσειν
699 1609 806 1685 ἐκείνην
820 1612 906 1670 τοῦτο

97 1696 133 1757 τά
147 1694 181 1757 ἂν
195 1695 280 1774 αύτῆς
293 1697 390 1778 δεηθῇ·
410 1696 563 1775 δεήσεσθαι
576 1697 606 1758 δὲ
617 1696 729 1762 ούδενῦς
741 1701 797 1759 τῶν
807 1696 863 1759 ὅσα
877 1702 906 1762 ἐς

98 1785 237 1864 αἰσχύνην
251 1787 313 1846 ἐστί
327 1788 458 1863 φέροντα.
490 1785 541 1850 Ὡς
554 1786 584 1846 δέ
596 1786 651 1864 ἀρα
660 1812 709 1864 μιν
717 1786 953 1864 μετάταῦτο134

99 1873 214 1951 ἰάμενος
233 1875 314 1956 θγιέα
335 1874 457 1944 ἀπέδεξε,
476 1875 595 1936 ἐνθαῦτα
614 1875 648 1951 δή
665 1876 831 1955 διδαχθεῖσα
848 1874 904 1936 ῦπδ

56 1983 60 1992 ·
98 1967 151 2022 τοῦ
172 1963 353 2041 Δημοκήδεος
368 1962 388 2038 η’
401 1961 543 2034 ἸΑτοσσα,
556 1965 719 2040 προσέφερε
732 1969 761 2023 ἐν
773 1968 810 2042 τῇ
826 1964 905 2043 κοίτη
943 2033 947 2040 ,

99 2053 210 2130 Δαρείῳ
229 2051 319 2131 λόγον
335 2049 452 2110 τοιόνδε·
476 2049 524 2108 “ιῦ
542 2051 677 2125 βασιλεῦ,
698 2051 768 2128 ἔχων
789 2049 905 2127 δύναμιν

98 2138 241 2216 τοσαύτην
257 2138 377 2214 κάτησαι
397 2135 460 2198 οῦτε
473 2162 501 2197 τι
515 2137 594 2200 ἔθνος
609 2137 826 2214 προσκτώμενος
839 2136 903 2197 οῦτε

100 2225 216 2303 δύναμιν
234 2227 385 2305 Πέρσησι;
407 2224 482 2288 οἰκός
497 2224 529 2284 δέ
544 2229 607 2284 ἐστι
623 2223 710 2301 ἀνδρα
724 2225 770 2283 καί
783 2225 845 2285 νέον
858 2224 904 2284 καί

99 2313 251 2392 χρημάτων
266 2315 397 2396 μεγάλων
415 2312 556 2389 δεσπότην
572 2313 728 2388 φαίνεσθαί
743 2338 772 2372 τι
792 2310 902 2373 ἀποδει-

100 2399 242 2477 κνύμενον,
259 2401 304 2462 ἵνα
322 2402 368 2462 καί
383 2402 496 2478 Πέρσαι
516 2400 660 2477 ἐκμάθωσι
678 2399 722 2461 ὅτι
739 2398 785 2460 ὕπ’
803 2398 904 2478 ἀνδρός

100 2486 246 2567 ἄρχονται.
279 2489 321 2549 ἐπ’
335 2488 482 2566 ἀμφότερα
495 2488 527 2548 δέ
537 2515 583 2548 τοι
595 2489 676 2567 φέρει
688 2491 777 2549 ταῦτα
789 2490 902 2560 ποιέειν,

100 2577 148 2636 καὶ
163 2577 208 2637 ἵνα
224 2579 320 2653 σφέων
340 2578 452 2654 Πέρσαι
470 2577 652 2639 ἐπιστέωνται
668 2576 755 2655 ἄνδρα
771 2576 841 2638 εἶναι
852 2577 903 2638 τόν

99 2669 287 2740 προεστεῶτα,
297 2665 342 2724 καί
356 2665 400 2723 ἵνα
412 2664 565 2740 τρίβωνται
577 2667 693 2746 πολέμῳ
705 2666 777 2743 μηδὲ
789 2665 904 2746 σχολήν

100 2749 215 2832 ἄγοντες
231 2751 440 2828 ἐπιβουλεύωσί
455 2777 510 2811 τοι.
545 2755 594 2813 νῦν
609 2753 665 2832 γάρ
684 2752 718 2814 ἄν
730 2779 759 2814 τι
773 2755 820 2812 καὶ
832 2752 902 2812 ἀπο·

100 2837 193 2908 δέξαιο
213 2841 302 2922 ἔργον,
316 2839 364 2903 ἔως
379 2840 441 2902 νέος
459 2838 498 2902 εἰς
516 2839 638 2915 ἡλικίην·
659 2839 835 2919 αὐξανομένῳ
846 2839 902 2920 γάρ

99 2930 139 3005 τῷ
158 2926 268 3005 σάματι
288 2926 472 2996 συναύξονται
492 2927 540 2985 καὶ
556 2929 586 2986 αἰ
606 2927 713 3005 φρένες,
729 2927 902 3008 γηράσκοντι

101 3015 131 3073 δὲ
143 3014 376 3096 συγγηράσκουσι
389 3014 436 3073 καὶ
449 3019 477 3078 ές
489 3012 525 3074 τοὶ
537 3013 690 3096 πρήγματα
705 3014 798 3074 πάντα
810 3014 902 3090 α’παμ

99 3101 280 3178 βλύνοντοι.”
312 3101 331 3178 ή
347 3101 446 3179 μὲνδὴ
464 3105 554 3162 ταῦτα
567 3106 597 3161 ἐκ
610 3103 723 3180 διδαχῆς
738 3103 826 3183 ἔλεγε·
847 3099 901 3162 ὁδ’

100 3187 250 3266 ἀμείβεται
264 3189 371 3250 τοῖσδε·
392 3188 440 3248 “οἰ
456 3189 548 3271 γύναι,
563 3189 656 3250 πάντα
673 3188 731 3249 ὅσα
748 3214 801 3266 περ
820 3186 903 3252 αῦτάς

101 3277 215 3337 ἐπινοέω
227 3274 358 3350 ποιήσειν
367 3277 485 3352 εἴρηκας·
499 3277 555 3354 ἐγαί
566 3276 623 3353 γάρ
629 3276 833 3353 βεβούλευμαι,
844 3274 903 3346 ζεύε
