2150 3500
128 122 176 182 το,
191 117 236 184 ιι]
489 117 604 170 xmo.
908 117 941 171 ιτ

134 199 199 276 νέης
214 197 257 258 ἔτ’
270 191 427 272 α’λλήλοισι
443 193 631 258 ἐστασίασαν·
649 196 898 276 περιελαυνόμενος
910 197 940 258 δὲ

132 291 170 365 τῇ
180 284 284 348 ’στάσει
294 283 310 344 ό
320 285 496 366 Μεγακλέης,
508 285 720 364 ἐπεκηρυκεύετο
730 284 939 366 Πεισιστράτῳ,

133 378 171 433 εἶι-
178 371 316 450 βούλοιτό
337 375 364 432 οἱ
382 371 435 450 τήν
454 374 595 454 θυγατέρα
614 375 687 453 ἔχειν
703 377 822 455 γυναῖκα
839 373 886 432 ε’τὶ
900 377 938 452 τῇ

131 461 285 540 τυραννίδα
299 459 478 538 ἐνδεξαμένου
488 461 518 521 δὲ
527 460 578 522 τόν
587 459 676 542 λόγον
686 461 733 520 καὶ
742 459 938 542 όμολογόσαν-

132 573 183 612 τος
202 549 249 609 ἐπὶ
268 546 395 609 τοότοισι
411 547 630 627 Πεισιστράτου,
642 551 822 628 μηχανῶνται
837 548 872 625 δὴ
892 548 939 609 ἐπὶ

130 634 170 714 τῇ
190 634 296 716 κατόδῳ
315 639 434 716 πρῆγμα
457 635 651 714 εὐηθέστατον,
675 636 712 701 οἷς
732 636 787 718 ε’γιδ
810 635 937 714 εόρίσκω,

131 727 230 804 μακρῷ
243 723 305 784 ε’τεί
314 748 345 782 τε
357 721 493 802 α’τεκρίθη
504 729 534 784 ἐκ
544 725 715 802 παλαιτέρου
723 727 774 785 τοῦ
783 724 936 802 βαρβάρου

132 810 269 876 ἔθνεος
236 838 270 873 το
282 810 503 887 Ελληνικδν,’
473 839 520 872 εον
536 838 583 872 και
571 812 762 924 δεξιώτερον
767 838 814 872 και
802 811 936 889 εόηθίης
1011 835 1015 840 ’

130 896 244 974 ηλιθίου
256 897 476 981 ἀπηλλαγμένον
487 903 611 976 μᾶλλον·
632 905 657 961 εἷ
669 926 716 959 και
728 899 793 961 τότε
808 925 843 981 γε
856 897 934 960 οὗτοι

130 985 370 1064 ε’νἈθηναίοισι,
395 989 473 1048 τοῖσι
481 978 636 1078 τρόποισι
661 987 895 1070 λεγομένοισι’
868 1013 938 1048 ειναι

130 1070 276 1151 Ελλήνων
294 1075 409 1152 σοφίην,
422 1079 601 1156 μηχανῶνται
616 1069 719 1136 τοιάδε.
761 1080 790 1135 έν
805 1100 844 1155 τω
830 1075 935 1156 δήμῳ

130 1165 171 1240 τῷ
191 1161 360 1223 Παιανιέῐ
341 1187 377 1240 ην
396 1189 467 1244 γυνη
489 1167 525 1242 τῇ
546 1189 652 1240 ουνομα
672 1161 709 1238 ἧν
727 1161 796 1239 Φόη,
812 1163 936 1244 μέγαθος

128 1247 190 1310 οἶπδ
203 1251 346 1329 τεσσέρων
357 1251 470 1330 πηχέων
479 1249 676 1311 άπολείτουσα
687 1251 761 1328 τρεῖς
773 1249 934 1321 δακπίλους,

130 1337 178 1396 καὶ
190 1336 285 1402 άλλως
297 1336 410 1414 εὐειδής·
430 1337 534 1414 ταύτην
546 1337 598 1414 την
612 1340 730 1420 γυναῖκα
747 1336 935 1402 σκευάσαντες

128 1427 281 1508 πανοπλίῃ,
303 1429 332 1490 ές
351 1423 427 1504 ἅρμα
448 1423 667 1502 ἐσβιβάσαντες,
685 1424 732 1484 καὶ
752 1425 934 1503 προδέξαντες

129 1519 232 1596 σχῆμα
257 1513 317 1575 οἶόν
341 1539 370 1576 τι
395 1513 498 1589 ἔμελλε
523 1511 748 1591 εὐτρεπέστατον
774 1513 931 1589 φανέεσθαι

129 1602 244 1682 ἔχουσα,
264 1600 420 1679 ἤλαυνον’
406 1627 435 1666 ες
457 1600 490 1661 τό
513 1599 595 1671 άοτυ,
616 1598 850 1678 τροδρόμους’
813 1626 934 1713 κηρυκας

128 1691 367 1770 προπέμψαντες,Ι
377 1716 406 1751 οι
425 1688 462 1750 τοὶ
485 1687 709 1767 ἔντεταλμένα’
691 1688 826 1801 ηγόρευον
848 1693 876 1754 ές
897 1688 932 1750 τό

128 1777 202 1839 ἄστυ
225 1778 396 1856 ἀπικόμενοι,
417 1778 548 1859 λέγοντες
569 1775 673 1838 τοιάδε·
694 1776 758 1835 “6
778 1776 931 1853 Ἀθηναῖοι,

127 1864 244 1928 δέκεσθε
258 1864 402 1948 άγαθῷ
370 1891 423 1946 νοιρ
436 1865 699 1942 Πεισίστρατον,
666 1890 716 1926 τον
729 1864 798 1941 αὕτη
811 1890 830 1941 η
822 1864 926 1941 ’Ἀθη-

127 1954 192 2031 ναίη
210 1954 359 2031 τιμήσασα
378 1952 529 2032 ἀνθρώπων
548 1952 684 2032 μάλιστα,
699 1952 812 2033 κατάγει
832 1958 860 2017 ἐς
878 1952 931 2029 την

127 2044 229 2118 ἑωυτῆς
245 2040 425 2119 άκρότολιν.”
466 2045 494 2103 οἱ
509 2044 562 2119 μὲν
576 2041 611 2116 δη
624 2045 712 2101 ταῦτα
725 2040 930 2121 διαφοιτέοντες

126 2129 236 2211 ἔλεγον·
256 2129 355 2191 αι’ττίκα
372 2130 403 2189 δὲ
420 2130 448 2193 ές
464 2155 496 2191 τε
510 2129 576 2193 τοδε
593 2129 698 2206 δήμους
710 2127 794 2204 φάτις
805 2128 930 2205 άτίκςτο,

127 2212 166 2281 οἷς
187 2217 322 2295 Ἀθηναίη
346 2218 555 2295 Πεισίστρατον
576 2216 699 2297 κατάγει·
724 2216 771 2274 καὶ
793 2218 821 2275 οἱ
844 2220 874 2276 ἒν
892 2220 932 2295 τῷ

126 2303 211 2366 άστεῖ
228 2302 388 2383 πειθόμενοι
402 2303 456 2381 τὴν
469 2306 587 2385 γυναῖκα
603 2303 672 2364 εἶναι
688 2301 775 2379 αι’κην
790 2301 843 2378 τήν
855 2302 928 2373 θεόν,
979 2342 984 2349 ·

125 2392 319 2474 προσεύχοντό
328 2418 359 2455 τε
368 2390 421 2471 την
429 2390 575 2471 άνθρωιτον
584 2392 632 2452 καὶ
641 2391 766 2452 ε’δέκοντο
773 2389 823 2451 τόν
831 2392 929 2452 Πεισί-

127 2504 260 2559 στρατον.
281 2472 283 2479 ⁴

167 2567 339 2647 Ἀπολαβιδν
354 2568 385 2630 δὲ
399 2567 451 2644 τήν
466 2568 615 2646 τυραννίδα
627 2568 722 2648 τρόπῳ
738 2570 778 2647 τῷ
795 2568 927 2648 εἰρημένῳ
936 2569 972 2629 61

125 2654 143 2717 ό
157 2658 372 2735 Πεισίστρατος,
383 2655 453 2717 κατά
462 2655 515 2733 τήν
525 2656 681 2739 ὁμολογίην
688 2655 742 2733 τήν
751 2655 822 2734 πρός
830 2662 926 2737 Μεγα-

125 2744 353 2826 κλέαγενομένην
361 2745 460 2826 γαμέει
468 2748 519 2804 τοῦ
528 2744 711 2825 Μεγακλέους
719 2744 773 2820 την
780 2744 928 2824 θυγατέρα.

125 2831 173 2891 οἶα
186 2832 215 2891 δὲ
222 2833 327 2893 παίδων
333 2833 366 2894 τί
378 2835 405 2893 οἱ
416 2830 596 2912 ὑπαρχόντων
608 2832 740 2908 νεηνιέων,
752 2832 799 2891 καὶ
812 2832 929 2912 λεγομέ-

125 2945 179 2981 νων
189 2922 307 3001 ἐναγέων
317 2920 386 2981 είναι
394 2919 701 2996 τῶνἈλκμαιωνιδέων,
712 2918 745 2977 οὐ
753 2916 929 2995 βουλόμενός

125 3010 154 3067 οἶ
165 3009 297 3089 γενέσθαι
306 3013 336 3068 ἐκ
345 3010 396 3083 τίίς
406 3006 544 3090 νεογάμου
552 3004 683 3087 γυναικός
694 3006 785 3072 τέκνα,
794 3002 928 3084 ἐμίσγετό

125 3097 156 3154 οἱ
164 3094 197 3154 ου’
208 3096 278 3155 κατά
288 3095 383 3173 νόμον.
411 3096 447 3156 τοὶ
457 3096 509 3172 μέν
520 3120 568 3155 νυν
577 3097 674 3171 πρῶτα
682 3092 797 3168 ἔκρυπτε
809 3095 897 3150 ταῦτα
908 3090 928 3165 ἦ

123 3181 205 3264 γυνη·
225 3182 297 3260 μετὰ
309 3184 347 3254 δὲ,
362 3182 416 3242 ε’ίτε
430 3182 581 3259 ἱστορεύσῃ
595 3182 649 3240 εἴτε
664 3180 711 3238 καὶ
724 3176 765 3247 οὔ,
780 3178 880 3255 φράζει
891 3181 928 3256 τῇ

125 3266 227 3349 ίωυτῆς
239 3270 333 3349 μητρί·
349 3269 369 3347 ἦ
382 3270 420 3340 δὲ,
433 3273 472 3348 τῷ
484 3268 572 3347 ἀνδρί.
605 3265 656 3329 τόν
668 3266 698 3327 δὲ
710 3264 799 3326 δεινόν
810 3290 839 3326 τι
848 3265 925 3344 ἔσχε,
