<?xml version="1.0" encoding="UTF-8"?>
<!DOCTYPE html PUBLIC "-//W3C//DTD XHTML 1.0 Transitional//EN"
    "http://www.w3.org/TR/xhtml1/DTD/xhtml1-transitional.dtd">
<html xmlns="http://www.w3.org/1999/xhtml" xml:lang="en" lang="en">
 <head>
  <title>
</title>
<meta http-equiv="Content-Type" content="text/html;charset=utf-8" />
  <meta name='ocr-system' content='tesseract 3.04.00' />
  <meta name='ocr-capabilities' content='ocr_page ocr_carea ocr_par ocr_line ocrx_word'/>
</head>
<body>
  <div class='ocr_page' id='page_1' title='image "./herodotus00blakgoog_0373.png"; bbox 0 0 2150 3500; ppageno 0'>
   <div class='ocr_carea' id='block_1_1' title="bbox 95 112 1043 3247">
    <p class='ocr_par' dir='ltr' id='par_1_1' title="bbox 147 112 962 449">
     <span class='ocr_line' id='line_1_1' title="bbox 148 112 957 179; baseline 0.005 -15"><span class='ocrx_word' id='word_1_1' title='bbox 148 112 197 164; x_wconf 81' lang='grc' dir='ltr'>ιιι</span> <span class='ocrx_word' id='word_1_2' title='bbox 454 113 638 163; x_wconf 73' lang='grc' dir='ltr'>Ἦυοιοτοι</span> <span class='ocrx_word' id='word_1_3' title='bbox 893 113 957 179; x_wconf 77' lang='grc' dir='ltr'>[Ν.</span> 
     </span>
     <span class='ocr_line' id='line_1_2' title="bbox 148 189 962 271; baseline 0.004 -18"><span class='ocrx_word' id='word_1_4' title='bbox 148 189 324 270; x_wconf 73' lang='grc' dir='ltr'>ὁμοιόταται.</span> <span class='ocrx_word' id='word_1_5' title='bbox 351 196 479 253; x_wconf 71' lang='grc' dir='ltr'>τοσαῦτα</span> <span class='ocrx_word' id='word_1_6' title='bbox 491 193 544 270; x_wconf 92' lang='grc' dir='ltr'>μέν</span> <span class='ocrx_word' id='word_1_7' title='bbox 558 219 606 254; x_wconf 89' lang='grc' dir='ltr'>νυν</span> <span class='ocrx_word' id='word_1_8' title='bbox 619 194 703 271; x_wconf 81' lang='grc' dir='ltr'>θηρία</span> <span class='ocrx_word' id='word_1_9' title='bbox 715 191 734 270; x_wconf 79' lang='grc' dir='ltr'><em>ἦ</em></span> <span class='ocrx_word' id='word_1_10' title='bbox 747 195 804 254; x_wconf 74' lang='grc' dir='ltr'>τῶν</span> <span class='ocrx_word' id='word_1_11' title='bbox 815 194 962 271; x_wconf 79' lang='grc' dir='ltr'>Νομάδων</span> 
     </span>
     <span class='ocr_line' id='line_1_3' title="bbox 147 279 960 361; baseline 0.001 -22"><span class='ocrx_word' id='word_1_12' title='bbox 147 279 264 355; x_wconf 89' lang='grc' dir='ltr'>Λιβύων</span> <span class='ocrx_word' id='word_1_13' title='bbox 277 284 317 361; x_wconf 71' lang='grc' dir='ltr'>γῆ</span> <span class='ocrx_word' id='word_1_14' title='bbox 337 280 402 360; x_wconf 81' lang='grc' dir='ltr'>ἔχει,</span> <span class='ocrx_word' id='word_1_15' title='bbox 416 280 487 341; x_wconf 87' lang='grc' dir='ltr'>ὅσον</span> <span class='ocrx_word' id='word_1_16' title='bbox 501 280 583 358; x_wconf 80' lang='grc' dir='ltr'>ἡμεῖς</span> <span class='ocrx_word' id='word_1_17' title='bbox 603 280 776 360; x_wconf 76' lang='grc' dir='ltr'>ἱστορέοντες</span> <span class='ocrx_word' id='word_1_18' title='bbox 792 281 840 340; x_wconf 85' lang='grc' dir='ltr'>ἐπὶ</span> <span class='ocrx_word' id='word_1_19' title='bbox 851 282 960 360; x_wconf 86' lang='grc' dir='ltr'>μακρό-</span> 
     </span>
     <span class='ocr_line' id='line_1_4' title="bbox 147 367 671 449; baseline -0.002 -21"><span class='ocrx_word' id='word_1_20' title='bbox 147 393 233 428; x_wconf 86' lang='grc' dir='ltr'>τατον</span> <span class='ocrx_word' id='word_1_21' title='bbox 246 367 303 428; x_wconf 75' lang='grc' dir='ltr'>οἶοί</span> <span class='ocrx_word' id='word_1_22' title='bbox 312 394 344 428; x_wconf 92' lang='grc' dir='ltr'>τε</span> <span class='ocrx_word' id='word_1_23' title='bbox 356 368 508 449; x_wconf 77' lang='grc' dir='ltr'>ἐγενόμεθα</span> <span class='ocrx_word' id='word_1_24' title='bbox 521 368 671 438; x_wconf 82' lang='grc' dir='ltr'>ἐξικέσθαι.</span> 
     </span>
    </p>

    <p class='ocr_par' dir='ltr' id='par_1_2' title="bbox 102 455 959 534">
     <span class='ocr_line' id='line_1_5' title="bbox 102 455 959 534; baseline 0.001 -17"><span class='ocrx_word' id='word_1_25' title='bbox 102 459 160 517; x_wconf 88' lang='grc'>193</span> <span class='ocrx_word' id='word_1_26' title='bbox 202 456 325 526; x_wconf 73' lang='grc' dir='ltr'>Μαξύων</span> <span class='ocrx_word' id='word_1_27' title='bbox 346 457 376 516; x_wconf 83' lang='grc' dir='ltr'>δέ</span> <span class='ocrx_word' id='word_1_28' title='bbox 397 456 513 532; x_wconf 88' lang='grc' dir='ltr'>Λιβύων</span> <span class='ocrx_word' id='word_1_29' title='bbox 533 455 657 533; x_wconf 80' lang='grc' dir='ltr'>Ζαύηκες</span> <span class='ocrx_word' id='word_1_30' title='bbox 677 457 797 534; x_wconf 88' lang='grc' dir='ltr'>έχονται,</span> <span class='ocrx_word' id='word_1_31' title='bbox 821 459 902 517; x_wconf 85' lang='grc' dir='ltr'>τοῖσι</span> <span class='ocrx_word' id='word_1_32' title='bbox 928 461 959 518; x_wconf 79' lang='grc' dir='ltr'>αἶ</span> 
     </span>
    </p>

    <p class='ocr_par' dir='ltr' id='par_1_3' title="bbox 102 543 959 978">
     <span class='ocr_line' id='line_1_6' title="bbox 102 543 958 627; baseline 0.002 -25"><span class='ocrx_word' id='word_1_33' title='bbox 102 547 159 605; x_wconf 83' lang='grc'>194</span> <span class='ocrx_word' id='word_1_34' title='bbox 168 547 296 627; x_wconf 81' lang='grc' dir='ltr'>γυναῖκες</span> <span class='ocrx_word' id='word_1_35' title='bbox 308 544 455 623; x_wconf 76' lang='grc' dir='ltr'>ἡνιοχεῦσι</span> <span class='ocrx_word' id='word_1_36' title='bbox 466 545 502 605; x_wconf 83' lang='grc' dir='ltr'>τά</span> <span class='ocrx_word' id='word_1_37' title='bbox 512 544 624 622; x_wconf 80' lang='grc' dir='ltr'>ἅρματα</span> <span class='ocrx_word' id='word_1_38' title='bbox 634 544 719 608; x_wconf 83' lang='grc' dir='ltr'>ἐςτάν</span> <span class='ocrx_word' id='word_1_39' title='bbox 726 543 866 621; x_wconf 89' lang='grc' dir='ltr'>πόλεμον.</span> <span class='ocrx_word' id='word_1_40' title='bbox 887 545 958 605; x_wconf 86' lang='grc' dir='ltr'>Τού-</span> 
     </span>
     <span class='ocr_line' id='line_1_7' title="bbox 146 631 959 712; baseline 0.002 -19"><span class='ocrx_word' id='word_1_41' title='bbox 146 632 249 693; x_wconf 76' lang='grc' dir='ltr'>τωνδέ</span> <span class='ocrx_word' id='word_1_42' title='bbox 267 631 403 703; x_wconf 81' lang='grc' dir='ltr'>Γύζαντες</span> <span class='ocrx_word' id='word_1_43' title='bbox 419 632 537 712; x_wconf 72' lang='grc' dir='ltr'>ἔχονται,</span> <span class='ocrx_word' id='word_1_44' title='bbox 554 637 584 692; x_wconf 90' lang='grc' dir='ltr'>ἐν</span> <span class='ocrx_word' id='word_1_45' title='bbox 597 636 675 692; x_wconf 77' lang='grc' dir='ltr'>τοῖσι</span> <span class='ocrx_word' id='word_1_46' title='bbox 691 631 760 708; x_wconf 88' lang='grc' dir='ltr'>μέλι</span> <span class='ocrx_word' id='word_1_47' title='bbox 778 634 829 708; x_wconf 80' lang='grc' dir='ltr'>μὲν</span> <span class='ocrx_word' id='word_1_48' title='bbox 840 633 959 695; x_wconf 79' lang='grc' dir='ltr'>πολλόν</span> 
     </span>
     <span class='ocr_line' id='line_1_8' title="bbox 147 719 958 801; baseline 0.001 -21"><span class='ocrx_word' id='word_1_49' title='bbox 147 721 286 797; x_wconf 75' lang='grc' dir='ltr'>μέλισσαι</span> <span class='ocrx_word' id='word_1_50' title='bbox 300 719 524 800; x_wconf 83' lang='grc' dir='ltr'>κατεργάζονται,</span> <span class='ocrx_word' id='word_1_51' title='bbox 537 723 639 800; x_wconf 79' lang='grc' dir='ltr'>πολλῷ</span> <span class='ocrx_word' id='word_1_52' title='bbox 651 720 675 779; x_wconf 80' lang='grc' dir='ltr'>δ’</span> <span class='ocrx_word' id='word_1_53' title='bbox 689 722 729 780; x_wconf 80' lang='grc' dir='ltr'>ἔτι</span> <span class='ocrx_word' id='word_1_54' title='bbox 742 721 831 780; x_wconf 84' lang='grc' dir='ltr'>πλέον</span> <span class='ocrx_word' id='word_1_55' title='bbox 839 721 958 801; x_wconf 85' lang='grc' dir='ltr'>λέγεται</span> 
     </span>
     <span class='ocr_line' id='line_1_9' title="bbox 147 805 957 896; baseline 0.001 -29"><span class='ocrx_word' id='word_1_56' title='bbox 147 805 331 896; x_wconf 78' lang='grc' dir='ltr'>δημιουργούς</span> <span class='ocrx_word' id='word_1_57' title='bbox 343 805 444 885; x_wconf 84' lang='grc' dir='ltr'>ἀνδρας</span> <span class='ocrx_word' id='word_1_58' title='bbox 455 807 570 868; x_wconf 79' lang='grc' dir='ltr'>ποιέειν·</span> <span class='ocrx_word' id='word_1_59' title='bbox 585 811 752 885; x_wconf 82' lang='grc' dir='ltr'>μιλτοῦνται</span> <span class='ocrx_word' id='word_1_60' title='bbox 765 807 789 866; x_wconf 87' lang='grc' dir='ltr'>δ’</span> <span class='ocrx_word' id='word_1_61' title='bbox 802 807 839 867; x_wconf 77' lang='grc' dir='ltr'>ὧν</span> <span class='ocrx_word' id='word_1_62' title='bbox 852 807 957 886; x_wconf 82' lang='grc' dir='ltr'>πάντες</span> 
     </span>
     <span class='ocr_line' id='line_1_10' title="bbox 148 895 956 978; baseline 0.002 -23"><span class='ocrx_word' id='word_1_63' title='bbox 148 895 234 966; x_wconf 69' lang='grc' dir='ltr'>οὗτοι,</span> <span class='ocrx_word' id='word_1_64' title='bbox 250 896 298 955; x_wconf 82' lang='grc' dir='ltr'>καὶ</span> <span class='ocrx_word' id='word_1_65' title='bbox 313 896 568 978; x_wconf 79' lang='grc' dir='ltr'>πιθηκοφαγέουσι·</span> <span class='ocrx_word' id='word_1_66' title='bbox 588 898 616 955; x_wconf 80' lang='grc' dir='ltr'>οί</span> <span class='ocrx_word' id='word_1_67' title='bbox 632 895 664 954; x_wconf 92' lang='grc' dir='ltr'>δέ</span> <span class='ocrx_word' id='word_1_68' title='bbox 680 902 738 971; x_wconf 93' lang='grc' dir='ltr'>σφι</span> <span class='ocrx_word' id='word_1_69' title='bbox 751 895 874 971; x_wconf 77' lang='grc' dir='ltr'>ἄφθονοι</span> <span class='ocrx_word' id='word_1_70' title='bbox 888 895 956 957; x_wconf 88' lang='grc' dir='ltr'>ὅσοι</span> 
     </span>
    </p>

    <p class='ocr_par' dir='ltr' id='par_1_4' title="bbox 103 979 1043 2986">
     <span class='ocr_line' id='line_1_11' title="bbox 103 979 1043 1064; baseline 0.002 -22"><span class='ocrx_word' id='word_1_71' title='bbox 103 986 161 1043; x_wconf 83' lang='grc'>195</span> <span class='ocrx_word' id='word_1_72' title='bbox 169 986 282 1044; x_wconf 86' lang='grc' dir='ltr'>ἐντοῖσι</span> <span class='ocrx_word' id='word_1_73' title='bbox 296 982 392 1062; x_wconf 85' lang='grc' dir='ltr'>ούρεσι</span> <span class='ocrx_word' id='word_1_74' title='bbox 403 985 537 1064; x_wconf 85' lang='grc' dir='ltr'>γίνονται.</span> <span class='ocrx_word' id='word_1_75' title='bbox 567 983 651 1043; x_wconf 84' lang='grc' dir='ltr'>Κατά</span> <span class='ocrx_word' id='word_1_76' title='bbox 663 983 777 1046; x_wconf 85' lang='grc' dir='ltr'>τούτους</span> <span class='ocrx_word' id='word_1_77' title='bbox 789 982 819 1042; x_wconf 81' lang='grc' dir='ltr'>δέ</span> <span class='ocrx_word' id='word_1_78' title='bbox 832 985 956 1064; x_wconf 88' lang='grc' dir='ltr'>λέγουσι</span> <span class='ocrx_word' id='word_1_79' title='bbox 1040 979 1043 986; x_wconf 61' lang='grc'><strong><em>’</em></strong></span> 
     </span>
     <span class='ocr_line' id='line_1_12' title="bbox 148 1069 954 1150; baseline 0.004 -20"><span class='ocrx_word' id='word_1_80' title='bbox 148 1071 337 1150; x_wconf 80' lang='grc' dir='ltr'>Καρχηδόνιοι</span> <span class='ocrx_word' id='word_1_81' title='bbox 347 1072 460 1132; x_wconf 90' lang='grc' dir='ltr'>κέεσθαι</span> <span class='ocrx_word' id='word_1_82' title='bbox 467 1075 556 1148; x_wconf 77' lang='grc' dir='ltr'>νῆσον</span> <span class='ocrx_word' id='word_1_83' title='bbox 564 1074 601 1149; x_wconf 81' lang='grc' dir='ltr'>τῇ</span> <span class='ocrx_word' id='word_1_84' title='bbox 611 1069 716 1148; x_wconf 81' lang='grc' dir='ltr'>σύνορα</span> <span class='ocrx_word' id='word_1_85' title='bbox 724 1071 794 1130; x_wconf 84' lang='grc' dir='ltr'>εἶναι</span> <span class='ocrx_word' id='word_1_86' title='bbox 802 1070 954 1148; x_wconf 87' lang='grc' dir='ltr'>Κύραυνιν,</span> 
     </span>
     <span class='ocr_line' id='line_1_13' title="bbox 146 1157 954 1236; baseline 0.005 -20"><span class='ocrx_word' id='word_1_87' title='bbox 146 1161 237 1235; x_wconf 78' lang='grc' dir='ltr'>μῆκος</span> <span class='ocrx_word' id='word_1_88' title='bbox 255 1160 308 1235; x_wconf 65' lang='grc' dir='ltr'>μέν</span> <span class='ocrx_word' id='word_1_89' title='bbox 328 1159 477 1235; x_wconf 83' lang='grc' dir='ltr'>διηκοσίων</span> <span class='ocrx_word' id='word_1_90' title='bbox 499 1159 620 1220; x_wconf 77' lang='grc' dir='ltr'>σταδίοιν</span> <span class='ocrx_word' id='word_1_91' title='bbox 646 1157 756 1222; x_wconf 87' lang='grc' dir='ltr'>πλάτος</span> <span class='ocrx_word' id='word_1_92' title='bbox 776 1158 807 1218; x_wconf 80' lang='grc' dir='ltr'>δὲ</span> <span class='ocrx_word' id='word_1_93' title='bbox 827 1159 954 1236; x_wconf 76' lang='grc' dir='ltr'>στεινὴν,</span> 
     </span>
     <span class='ocr_line' id='line_1_14' title="bbox 147 1245 955 1325; baseline 0.005 -21"><span class='ocrx_word' id='word_1_94' title='bbox 147 1245 285 1321; x_wconf 82' lang='grc' dir='ltr'>διαβατάν</span> <span class='ocrx_word' id='word_1_95' title='bbox 308 1251 339 1306; x_wconf 89' lang='grc' dir='ltr'>ἐκ</span> <span class='ocrx_word' id='word_1_96' title='bbox 361 1250 413 1323; x_wconf 80' lang='grc' dir='ltr'>τῆς</span> <span class='ocrx_word' id='word_1_97' title='bbox 439 1246 564 1324; x_wconf 79' lang='grc' dir='ltr'>ἠπείρου,</span> <span class='ocrx_word' id='word_1_98' title='bbox 586 1246 701 1306; x_wconf 90' lang='grc' dir='ltr'>ἐλαιέων</span> <span class='ocrx_word' id='word_1_99' title='bbox 720 1272 752 1307; x_wconf 88' lang='grc' dir='ltr'>τε</span> <span class='ocrx_word' id='word_1_100' title='bbox 772 1246 883 1325; x_wconf 82' lang='grc' dir='ltr'>μεστὴν</span> <span class='ocrx_word' id='word_1_101' title='bbox 906 1249 955 1308; x_wconf 82' lang='grc' dir='ltr'>καὶ</span> 
     </span>
     <span class='ocr_line' id='line_1_15' title="bbox 147 1332 955 1412; baseline 0.004 -20"><span class='ocrx_word' id='word_1_102' title='bbox 147 1332 290 1410; x_wconf 87' lang='grc' dir='ltr'>ἀμπέλων·</span> <span class='ocrx_word' id='word_1_103' title='bbox 304 1335 408 1411; x_wconf 89' lang='grc' dir='ltr'>λίμνην</span> <span class='ocrx_word' id='word_1_104' title='bbox 417 1334 448 1394; x_wconf 80' lang='grc' dir='ltr'>δέ</span> <span class='ocrx_word' id='word_1_105' title='bbox 461 1339 490 1394; x_wconf 88' lang='grc' dir='ltr'>ἐν</span> <span class='ocrx_word' id='word_1_106' title='bbox 500 1334 571 1412; x_wconf 73' lang='grc' dir='ltr'>αὐτῇ</span> <span class='ocrx_word' id='word_1_107' title='bbox 581 1333 658 1404; x_wconf 84' lang='grc' dir='ltr'>εἶναι,</span> <span class='ocrx_word' id='word_1_108' title='bbox 673 1338 704 1392; x_wconf 92' lang='grc' dir='ltr'>ἐκ</span> <span class='ocrx_word' id='word_1_109' title='bbox 716 1338 767 1410; x_wconf 80' lang='grc' dir='ltr'>τῆς</span> <span class='ocrx_word' id='word_1_110' title='bbox 777 1336 807 1394; x_wconf 84' lang='grc' dir='ltr'>αἶ</span> <span class='ocrx_word' id='word_1_111' title='bbox 816 1335 955 1412; x_wconf 84' lang='grc' dir='ltr'>παρθένοι</span> 
     </span>
     <span class='ocr_line' id='line_1_16' title="bbox 145 1421 956 1501; baseline 0.002 -21"><span class='ocrx_word' id='word_1_112' title='bbox 145 1424 201 1482; x_wconf 84' lang='grc' dir='ltr'>τῶν</span> <span class='ocrx_word' id='word_1_113' title='bbox 214 1423 366 1499; x_wconf 89' lang='grc' dir='ltr'>ἐπιχωρίων</span> <span class='ocrx_word' id='word_1_114' title='bbox 378 1425 509 1499; x_wconf 82' lang='grc' dir='ltr'>πτεροῖσι</span> <span class='ocrx_word' id='word_1_115' title='bbox 521 1421 637 1500; x_wconf 84' lang='grc' dir='ltr'>ὀρνίθων</span> <span class='ocrx_word' id='word_1_116' title='bbox 653 1423 843 1501; x_wconf 87' lang='grc' dir='ltr'>κεχριμένοισι</span> <span class='ocrx_word' id='word_1_117' title='bbox 855 1423 956 1501; x_wconf 81' lang='grc' dir='ltr'>πίσσῃ</span> 
     </span>
     <span class='ocr_line' id='line_1_17' title="bbox 146 1509 955 1591; baseline 0.004 -24"><span class='ocrx_word' id='word_1_118' title='bbox 146 1512 177 1568; x_wconf 89' lang='grc' dir='ltr'>ἐκ</span> <span class='ocrx_word' id='word_1_119' title='bbox 198 1511 250 1584; x_wconf 78' lang='grc' dir='ltr'>τῆς</span> <span class='ocrx_word' id='word_1_120' title='bbox 276 1509 353 1572; x_wconf 62' lang='lat' dir='ltr'>Moe</span> <span class='ocrx_word' id='word_1_121' title='bbox 375 1513 477 1591; x_wconf 74' lang='grc' dir='ltr'>ψῆγμα</span> <span class='ocrx_word' id='word_1_122' title='bbox 500 1509 676 1587; x_wconf 77' lang='grc' dir='ltr'>ἀναφέρουσι</span> <span class='ocrx_word' id='word_1_123' title='bbox 697 1513 818 1589; x_wconf 78' lang='grc' dir='ltr'>χρυσοῦ.</span> <span class='ocrx_word' id='word_1_124' title='bbox 859 1515 955 1571; x_wconf 80' lang='grc' dir='ltr'>ταῦτα</span> 
     </span>
     <span class='ocr_line' id='line_1_18' title="bbox 146 1595 952 1678; baseline 0.001 -23"><span class='ocrx_word' id='word_1_125' title='bbox 146 1599 171 1655; x_wconf 83' lang='grc' dir='ltr'>εἰ</span> <span class='ocrx_word' id='word_1_126' title='bbox 185 1595 238 1672; x_wconf 88' lang='grc' dir='ltr'>μέν</span> <span class='ocrx_word' id='word_1_127' title='bbox 251 1601 313 1656; x_wconf 85' lang='grc' dir='ltr'>ἐστι</span> <span class='ocrx_word' id='word_1_128' title='bbox 328 1596 454 1673; x_wconf 86' lang='grc' dir='ltr'>ἀληθέως</span> <span class='ocrx_word' id='word_1_129' title='bbox 467 1597 516 1657; x_wconf 79' lang='grc' dir='ltr'>οὐκ</span> <span class='ocrx_word' id='word_1_130' title='bbox 529 1597 600 1668; x_wconf 81' lang='grc' dir='ltr'>οἴδα,</span> <span class='ocrx_word' id='word_1_131' title='bbox 613 1597 650 1657; x_wconf 85' lang='grc' dir='ltr'>τά</span> <span class='ocrx_word' id='word_1_132' title='bbox 663 1598 694 1656; x_wconf 87' lang='grc' dir='ltr'>δέ</span> <span class='ocrx_word' id='word_1_133' title='bbox 706 1598 820 1678; x_wconf 82' lang='grc' dir='ltr'>λέγεται</span> <span class='ocrx_word' id='word_1_134' title='bbox 832 1596 952 1678; x_wconf 88' lang='grc' dir='ltr'>γράφω·</span> 
     </span>
     <span class='ocr_line' id='line_1_19' title="bbox 146 1681 954 1765; baseline 0.007 -23"><span class='ocrx_word' id='word_1_135' title='bbox 146 1684 188 1761; x_wconf 86' lang='grc' dir='ltr'>είη</span> <span class='ocrx_word' id='word_1_136' title='bbox 207 1681 232 1742; x_wconf 83' lang='grc' dir='ltr'>δ’</span> <span class='ocrx_word' id='word_1_137' title='bbox 251 1681 286 1742; x_wconf 86' lang='grc' dir='ltr'>ἀν</span> <span class='ocrx_word' id='word_1_138' title='bbox 305 1685 372 1744; x_wconf 76' lang='grc' dir='ltr'>πᾶν·</span> <span class='ocrx_word' id='word_1_139' title='bbox 393 1685 461 1745; x_wconf 88' lang='grc' dir='ltr'>ὅκου</span> <span class='ocrx_word' id='word_1_140' title='bbox 477 1687 524 1745; x_wconf 84' lang='grc' dir='ltr'>καὶ</span> <span class='ocrx_word' id='word_1_141' title='bbox 541 1691 571 1746; x_wconf 91' lang='grc' dir='ltr'>έν</span> <span class='ocrx_word' id='word_1_142' title='bbox 588 1685 718 1765; x_wconf 77' lang='grc' dir='ltr'>Ζακύνθῳ</span> <span class='ocrx_word' id='word_1_143' title='bbox 734 1689 764 1744; x_wconf 89' lang='grc' dir='ltr'>ἐκ</span> <span class='ocrx_word' id='word_1_144' title='bbox 780 1685 884 1763; x_wconf 87' lang='grc' dir='ltr'>λίμνης</span> <span class='ocrx_word' id='word_1_145' title='bbox 903 1687 954 1748; x_wconf 79' lang='grc' dir='ltr'>καὶ</span> 
     </span>
     <span class='ocr_line' id='line_1_20' title="bbox 144 1771 953 1855; baseline 0.005 -23"><span class='ocrx_word' id='word_1_146' title='bbox 144 1771 242 1833; x_wconf 79' lang='grc' dir='ltr'>ὕδατος</span> <span class='ocrx_word' id='word_1_147' title='bbox 255 1773 366 1833; x_wconf 89' lang='grc' dir='ltr'>πίσσαν</span> <span class='ocrx_word' id='word_1_148' title='bbox 381 1772 593 1852; x_wconf 73' lang='grc' dir='ltr'>ἀναφερομένην</span> <span class='ocrx_word' id='word_1_149' title='bbox 606 1773 689 1837; x_wconf 83' lang='grc' dir='ltr'>αύτδς</span> <span class='ocrx_word' id='word_1_150' title='bbox 708 1773 762 1855; x_wconf 73' lang='grc' dir='ltr'>ἐγώ</span> <span class='ocrx_word' id='word_1_151' title='bbox 775 1772 868 1850; x_wconf 81' lang='grc' dir='ltr'>ὥρεον.</span> <span class='ocrx_word' id='word_1_152' title='bbox 890 1777 953 1836; x_wconf 81' lang='grc' dir='ltr'>εἰσὶ</span> 
     </span>
     <span class='ocr_line' id='line_1_21' title="bbox 144 1860 1043 1943; baseline -0.001 -24"><span class='ocrx_word' id='word_1_153' title='bbox 144 1861 196 1936; x_wconf 87' lang='grc' dir='ltr'>μέν</span> <span class='ocrx_word' id='word_1_154' title='bbox 215 1860 261 1919; x_wconf 81' lang='grc' dir='ltr'>καὶ</span> <span class='ocrx_word' id='word_1_155' title='bbox 279 1863 398 1925; x_wconf 79' lang='grc' dir='ltr'>πλεῦνες</span> <span class='ocrx_word' id='word_1_156' title='bbox 415 1864 445 1921; x_wconf 79' lang='grc' dir='ltr'>αἱ</span> <span class='ocrx_word' id='word_1_157' title='bbox 463 1862 562 1939; x_wconf 84' lang='grc' dir='ltr'>λίμναι</span> <span class='ocrx_word' id='word_1_158' title='bbox 580 1860 685 1930; x_wconf 83' lang='grc' dir='ltr'>αύτόθι,</span> <span class='ocrx_word' id='word_1_159' title='bbox 700 1861 718 1937; x_wconf 81' lang='grc' dir='ltr'><strong><em>ἡ</em></strong></span> <span class='ocrx_word' id='word_1_160' title='bbox 732 1861 762 1920; x_wconf 82' lang='grc' dir='ltr'>δέ</span> <span class='ocrx_word' id='word_1_161' title='bbox 775 1860 811 1921; x_wconf 81' lang='grc' dir='ltr'>ὧν</span> <span class='ocrx_word' id='word_1_162' title='bbox 823 1862 953 1943; x_wconf 76' lang='grc' dir='ltr'>μεγίστη</span> <span class='ocrx_word' id='word_1_163' title='bbox 1042 1902 1043 1918; x_wconf 49' lang='grc' dir='ltr'>ι</span> 
     </span>
     <span class='ocr_line' id='line_1_22' title="bbox 146 1946 952 2030; baseline 0.002 -24"><span class='ocrx_word' id='word_1_164' title='bbox 146 1946 249 2008; x_wconf 84' lang='grc' dir='ltr'>αύτέων</span> <span class='ocrx_word' id='word_1_165' title='bbox 257 1948 453 2026; x_wconf 83' lang='grc' dir='ltr'>ἐβδομήκοντα</span> <span class='ocrx_word' id='word_1_166' title='bbox 462 1950 556 2010; x_wconf 77' lang='grc' dir='ltr'>ποδῶν</span> <span class='ocrx_word' id='word_1_167' title='bbox 566 1949 657 2025; x_wconf 88' lang='grc' dir='ltr'>πάντη</span> <span class='ocrx_word' id='word_1_168' title='bbox 667 1948 759 2025; x_wconf 90' lang='grc' dir='ltr'>βάθος</span> <span class='ocrx_word' id='word_1_169' title='bbox 768 1949 798 2009; x_wconf 86' lang='grc' dir='ltr'>δέ</span> <span class='ocrx_word' id='word_1_170' title='bbox 808 1948 952 2030; x_wconf 87' lang='grc' dir='ltr'>διόργυιός</span> 
     </span>
     <span class='ocr_line' id='line_1_23' title="bbox 145 2035 1042 2116; baseline -0.001 -20"><span class='ocrx_word' id='word_1_171' title='bbox 145 2040 217 2097; x_wconf 87' lang='grc' dir='ltr'>ἐστι·</span> <span class='ocrx_word' id='word_1_172' title='bbox 237 2042 265 2099; x_wconf 88' lang='grc' dir='ltr'>ἐς</span> <span class='ocrx_word' id='word_1_173' title='bbox 279 2036 383 2113; x_wconf 89' lang='grc' dir='ltr'>ταύτην</span> <span class='ocrx_word' id='word_1_174' title='bbox 400 2036 499 2097; x_wconf 83' lang='grc' dir='ltr'>κοντόν</span> <span class='ocrx_word' id='word_1_175' title='bbox 516 2041 636 2098; x_wconf 81' lang='grc' dir='ltr'>κατιεῖσι</span> <span class='ocrx_word' id='word_1_176' title='bbox 655 2036 698 2096; x_wconf 83' lang='grc' dir='ltr'>ἐπ’</span> <span class='ocrx_word' id='word_1_177' title='bbox 716 2035 790 2116; x_wconf 83' lang='grc' dir='ltr'>ἀκριρ</span> <span class='ocrx_word' id='word_1_178' title='bbox 807 2038 951 2115; x_wconf 83' lang='grc' dir='ltr'>μυρσίνην</span> <span class='ocrx_word' id='word_1_179' title='bbox 1041 2078 1042 2081; x_wconf 57' lang='lat'><em>=</em></span> 
     </span>
     <span class='ocr_line' id='line_1_24' title="bbox 143 2122 949 2206; baseline 0.007 -27"><span class='ocrx_word' id='word_1_180' title='bbox 143 2122 364 2199; x_wconf 72' lang='grc' dir='ltr'>προσδήσαντες,</span> <span class='ocrx_word' id='word_1_181' title='bbox 384 2125 432 2183; x_wconf 76' lang='grc' dir='ltr'>καὶ</span> <span class='ocrx_word' id='word_1_182' title='bbox 453 2125 548 2185; x_wconf 83' lang='grc' dir='ltr'>ἔπειτα</span> <span class='ocrx_word' id='word_1_183' title='bbox 571 2123 746 2202; x_wconf 78' lang='grc' dir='ltr'>ἀναφέρουσι</span> <span class='ocrx_word' id='word_1_184' title='bbox 763 2129 801 2204; x_wconf 81' lang='grc' dir='ltr'>τῇ</span> <span class='ocrx_word' id='word_1_185' title='bbox 822 2126 949 2206; x_wconf 77' lang='grc' dir='ltr'>μυρσίνη</span> 
     </span>
     <span class='ocr_line' id='line_1_25' title="bbox 143 2210 1041 2293; baseline 0.007 -26"><span class='ocrx_word' id='word_1_186' title='bbox 143 2210 262 2282; x_wconf 84' lang='grc' dir='ltr'>πίσσαν,</span> <span class='ocrx_word' id='word_1_187' title='bbox 282 2210 372 2289; x_wconf 77' lang='grc' dir='ltr'>ὀδμὴν</span> <span class='ocrx_word' id='word_1_188' title='bbox 391 2216 443 2290; x_wconf 82' lang='grc' dir='ltr'>μὲν</span> <span class='ocrx_word' id='word_1_189' title='bbox 462 2215 585 2292; x_wconf 81' lang='grc' dir='ltr'>ἔχουσαν</span> <span class='ocrx_word' id='word_1_190' title='bbox 602 2212 755 2289; x_wconf 81' lang='grc' dir='ltr'>ἀσφάλτου</span> <span class='ocrx_word' id='word_1_191' title='bbox 771 2212 808 2273; x_wconf 84' lang='grc' dir='ltr'>τά</span> <span class='ocrx_word' id='word_1_192' title='bbox 827 2212 851 2271; x_wconf 86' lang='grc' dir='ltr'>δ’</span> <span class='ocrx_word' id='word_1_193' title='bbox 868 2212 949 2273; x_wconf 81' lang='grc' dir='ltr'>ἀλλα</span> <span class='ocrx_word' id='word_1_194' title='bbox 1040 2286 1041 2293; x_wconf 13' lang='lat'>¹</span> 
     </span>
     <span class='ocr_line' id='line_1_26' title="bbox 142 2298 1041 2380; baseline 0.003 -20"><span class='ocrx_word' id='word_1_195' title='bbox 142 2300 194 2371; x_wconf 71' lang='grc' dir='ltr'>τῆς</span> <span class='ocrx_word' id='word_1_196' title='bbox 206 2303 340 2376; x_wconf 76' lang='grc' dir='ltr'>Πιερικῆς</span> <span class='ocrx_word' id='word_1_197' title='bbox 349 2302 458 2377; x_wconf 91' lang='grc' dir='ltr'>πίσσης</span> <span class='ocrx_word' id='word_1_198' title='bbox 466 2299 579 2378; x_wconf 90' lang='grc' dir='ltr'>ἀμείνω.</span> <span class='ocrx_word' id='word_1_199' title='bbox 608 2301 741 2380; x_wconf 80' lang='grc' dir='ltr'>ἐσχέουσι</span> <span class='ocrx_word' id='word_1_200' title='bbox 755 2301 785 2360; x_wconf 78' lang='grc' dir='ltr'>δὲ</span> <span class='ocrx_word' id='word_1_201' title='bbox 798 2305 826 2364; x_wconf 88' lang='grc' dir='ltr'>ἐς</span> <span class='ocrx_word' id='word_1_202' title='bbox 838 2300 948 2362; x_wconf 85' lang='grc' dir='ltr'>λάκκον</span> <span class='ocrx_word' id='word_1_203' title='bbox 1040 2298 1041 2338; x_wconf 44' lang='grc' dir='ltr'>Λ</span> 
     </span>
     <span class='ocr_line' id='line_1_27' title="bbox 142 2382 1040 2469; baseline 0.007 -26"><span class='ocrx_word' id='word_1_204' title='bbox 142 2382 334 2465; x_wconf 81' lang='grc' dir='ltr'>ὀρωρυγμένον</span> <span class='ocrx_word' id='word_1_205' title='bbox 346 2386 437 2469; x_wconf 79' lang='grc' dir='ltr'>ἀγχοῦ</span> <span class='ocrx_word' id='word_1_206' title='bbox 449 2393 501 2464; x_wconf 79' lang='grc' dir='ltr'>τῆς</span> <span class='ocrx_word' id='word_1_207' title='bbox 513 2390 624 2466; x_wconf 83' lang='grc' dir='ltr'>λίμνης·</span> <span class='ocrx_word' id='word_1_208' title='bbox 645 2388 729 2449; x_wconf 85' lang='grc' dir='ltr'>ἐπεάν</span> <span class='ocrx_word' id='word_1_209' title='bbox 742 2389 773 2448; x_wconf 82' lang='grc' dir='ltr'>δὲ</span> <span class='ocrx_word' id='word_1_210' title='bbox 785 2388 947 2465; x_wconf 74' lang='grc' dir='ltr'>ἀθροίσωσι</span> <span class='ocrx_word' id='word_1_211' title='bbox 1039 2442 1040 2461; x_wconf 37' lang='lat'>2</span> 
     </span>
     <span class='ocr_line' id='line_1_28' title="bbox 143 2472 947 2555; baseline 0.007 -24"><span class='ocrx_word' id='word_1_212' title='bbox 143 2472 259 2550; x_wconf 68' lang='grc' dir='ltr'>συχνήν,</span> <span class='ocrx_word' id='word_1_213' title='bbox 288 2472 360 2534; x_wconf 87' lang='grc' dir='ltr'>ούτω</span> <span class='ocrx_word' id='word_1_214' title='bbox 385 2480 413 2539; x_wconf 88' lang='grc' dir='ltr'>ἐς</span> <span class='ocrx_word' id='word_1_215' title='bbox 437 2476 503 2539; x_wconf 81' lang='grc' dir='ltr'>τούς</span> <span class='ocrx_word' id='word_1_216' title='bbox 532 2476 678 2555; x_wconf 74' lang='grc' dir='ltr'>ἀμφορέας</span> <span class='ocrx_word' id='word_1_217' title='bbox 705 2481 735 2536; x_wconf 91' lang='grc' dir='ltr'>ἐκ</span> <span class='ocrx_word' id='word_1_218' title='bbox 760 2479 813 2536; x_wconf 77' lang='grc' dir='ltr'>τοῦ</span> <span class='ocrx_word' id='word_1_219' title='bbox 836 2475 947 2537; x_wconf 87' lang='grc' dir='ltr'>λάκκου</span> 
     </span>
     <span class='ocr_line' id='line_1_29' title="bbox 143 2559 1039 2643; baseline 0.008 -27"><span class='ocrx_word' id='word_1_220' title='bbox 143 2559 322 2636; x_wconf 74' lang='grc' dir='ltr'>καταχέουσι·</span> <span class='ocrx_word' id='word_1_221' title='bbox 345 2560 362 2620; x_wconf 86' lang='grc' dir='ltr'>ό</span> <span class='ocrx_word' id='word_1_222' title='bbox 377 2586 407 2621; x_wconf 89' lang='grc' dir='ltr'>τι</span> <span class='ocrx_word' id='word_1_223' title='bbox 424 2561 448 2621; x_wconf 85' lang='grc' dir='ltr'>δ’</span> <span class='ocrx_word' id='word_1_224' title='bbox 465 2560 500 2623; x_wconf 81' lang='grc' dir='ltr'>ἀν</span> <span class='ocrx_word' id='word_1_225' title='bbox 516 2565 628 2643; x_wconf 84' lang='grc' dir='ltr'>ἐσπέσῃ</span> <span class='ocrx_word' id='word_1_226' title='bbox 648 2569 675 2627; x_wconf 88' lang='grc' dir='ltr'>ἐς</span> <span class='ocrx_word' id='word_1_227' title='bbox 693 2562 746 2640; x_wconf 68' lang='grc' dir='ltr'>τὴν</span> <span class='ocrx_word' id='word_1_228' title='bbox 761 2564 873 2639; x_wconf 87' lang='grc' dir='ltr'>λίμνην,</span> <span class='ocrx_word' id='word_1_229' title='bbox 888 2563 946 2625; x_wconf 75' lang='grc' dir='ltr'>ἀπὸ</span> <span class='ocrx_word' id='word_1_230' title='bbox 1038 2614 1039 2623; x_wconf 47' lang='lat'>2</span> 
     </span>
     <span class='ocr_line' id='line_1_30' title="bbox 140 2644 947 2731; baseline 0.006 -26"><span class='ocrx_word' id='word_1_231' title='bbox 140 2649 197 2726; x_wconf 71' lang='grc' dir='ltr'>γῆν</span> <span class='ocrx_word' id='word_1_232' title='bbox 210 2644 253 2707; x_wconf 80' lang='grc' dir='ltr'>ἐδν</span> <span class='ocrx_word' id='word_1_233' title='bbox 267 2644 450 2725; x_wconf 84' lang='grc' dir='ltr'>ἀναφαίνεται</span> <span class='ocrx_word' id='word_1_234' title='bbox 463 2655 494 2711; x_wconf 87' lang='grc' dir='ltr'>ἐν</span> <span class='ocrx_word' id='word_1_235' title='bbox 504 2655 541 2730; x_wconf 76' lang='grc' dir='ltr'>τῇ</span> <span class='ocrx_word' id='word_1_236' title='bbox 554 2652 699 2731; x_wconf 82' lang='grc' dir='ltr'>θαλάσση·</span> <span class='ocrx_word' id='word_1_237' title='bbox 719 2650 739 2727; x_wconf 85' lang='grc' dir='ltr'><em>ἤ</em></span> <span class='ocrx_word' id='word_1_238' title='bbox 752 2650 782 2710; x_wconf 84' lang='grc' dir='ltr'>δὲ</span> <span class='ocrx_word' id='word_1_239' title='bbox 794 2649 895 2730; x_wconf 88' lang='grc' dir='ltr'>ἀπέχει</span> <span class='ocrx_word' id='word_1_240' title='bbox 909 2650 947 2715; x_wconf 77' lang='grc' dir='ltr'>ὥς</span> 
     </span>
     <span class='ocr_line' id='line_1_31' title="bbox 141 2734 1038 2821; baseline 0.007 -27"><span class='ocrx_word' id='word_1_241' title='bbox 141 2734 267 2812; x_wconf 90' lang='grc' dir='ltr'>τέσσερα</span> <span class='ocrx_word' id='word_1_242' title='bbox 286 2735 389 2796; x_wconf 89' lang='grc' dir='ltr'>στάδια</span> <span class='ocrx_word' id='word_1_243' title='bbox 406 2737 462 2798; x_wconf 80' lang='grc' dir='ltr'>ἀπό</span> <span class='ocrx_word' id='word_1_244' title='bbox 480 2742 531 2815; x_wconf 79' lang='grc' dir='ltr'>τῆς</span> <span class='ocrx_word' id='word_1_245' title='bbox 550 2739 661 2817; x_wconf 81' lang='grc' dir='ltr'>λίμνης.</span> <span class='ocrx_word' id='word_1_246' title='bbox 703 2736 773 2799; x_wconf 81' lang='grc' dir='ltr'>ούτω</span> <span class='ocrx_word' id='word_1_247' title='bbox 791 2737 828 2797; x_wconf 78' lang='grc' dir='ltr'>ὧν</span> <span class='ocrx_word' id='word_1_248' title='bbox 847 2739 945 2800; x_wconf 82' lang='grc' dir='ltr'>καὶτά</span> <span class='ocrx_word' id='word_1_249' title='bbox 1037 2796 1038 2821; x_wconf 37' lang='grc' dir='ltr'>γ</span> 
     </span>
     <span class='ocr_line' id='line_1_32' title="bbox 141 2820 1038 2905; baseline 0.01 -25"><span class='ocrx_word' id='word_1_250' title='bbox 141 2820 198 2881; x_wconf 82' lang='grc' dir='ltr'>ἀπά</span> <span class='ocrx_word' id='word_1_251' title='bbox 211 2826 261 2897; x_wconf 82' lang='grc' dir='ltr'>τῆς</span> <span class='ocrx_word' id='word_1_252' title='bbox 278 2823 371 2900; x_wconf 76' lang='grc' dir='ltr'>νήσου</span> <span class='ocrx_word' id='word_1_253' title='bbox 386 2829 438 2901; x_wconf 77' lang='grc' dir='ltr'>τῆς</span> <span class='ocrx_word' id='word_1_254' title='bbox 452 2826 499 2884; x_wconf 67' lang='grc' dir='ltr'>ἐπὶ</span> <span class='ocrx_word' id='word_1_255' title='bbox 515 2826 612 2905; x_wconf 87' lang='grc' dir='ltr'>Λιβύη</span> <span class='ocrx_word' id='word_1_256' title='bbox 629 2826 755 2904; x_wconf 88' lang='grc' dir='ltr'>κειμένης</span> <span class='ocrx_word' id='word_1_257' title='bbox 771 2825 867 2885; x_wconf 82' lang='grc' dir='ltr'>οἰκότα</span> <span class='ocrx_word' id='word_1_258' title='bbox 881 2827 945 2888; x_wconf 79' lang='grc' dir='ltr'>ἐστὶ</span> <span class='ocrx_word' id='word_1_259' title='bbox 1037 2822 1038 2835; x_wconf 52' lang='grc'>’</span> 
     </span>
     <span class='ocr_line' id='line_1_33' title="bbox 141 2906 271 2986; baseline 0.031 -22"><span class='ocrx_word' id='word_1_260' title='bbox 141 2906 271 2986; x_wconf 84' lang='grc' dir='ltr'>ἀληθηίῃ.</span> 
     </span>
    </p>

    <p class='ocr_par' dir='ltr' id='par_1_5' title="bbox 95 2994 944 3247">
     <span class='ocr_line' id='line_1_34' title="bbox 95 2994 944 3079; baseline 0.014 -30"><span class='ocrx_word' id='word_1_261' title='bbox 95 2994 151 3050; x_wconf 89' lang='grc'>196</span> <span class='ocrx_word' id='word_1_262' title='bbox 201 2997 327 3075; x_wconf 89' lang='grc' dir='ltr'>Λέγουσι</span> <span class='ocrx_word' id='word_1_263' title='bbox 352 2998 383 3056; x_wconf 79' lang='grc' dir='ltr'>δέ</span> <span class='ocrx_word' id='word_1_264' title='bbox 406 2999 452 3057; x_wconf 85' lang='grc' dir='ltr'>καὶ</span> <span class='ocrx_word' id='word_1_265' title='bbox 472 3000 540 3059; x_wconf 86' lang='grc' dir='ltr'>τάδε</span> <span class='ocrx_word' id='word_1_266' title='bbox 563 3000 766 3079; x_wconf 86' lang='grc' dir='ltr'>Καρχηδόνιοι·</span> <span class='ocrx_word' id='word_1_267' title='bbox 795 3000 866 3061; x_wconf 86' lang='grc' dir='ltr'>εἶναι</span> <span class='ocrx_word' id='word_1_268' title='bbox 891 3006 944 3079; x_wconf 82' lang='grc' dir='ltr'>τῆς</span> 
     </span>
     <span class='ocr_line' id='line_1_35' title="bbox 139 3080 943 3167; baseline 0.012 -27"><span class='ocrx_word' id='word_1_269' title='bbox 139 3080 250 3155; x_wconf 86' lang='grc' dir='ltr'>Λιβύης</span> <span class='ocrx_word' id='word_1_270' title='bbox 270 3083 364 3159; x_wconf 77' lang='grc' dir='ltr'>χῶρόν</span> <span class='ocrx_word' id='word_1_271' title='bbox 383 3109 416 3145; x_wconf 91' lang='grc' dir='ltr'>τε</span> <span class='ocrx_word' id='word_1_272' title='bbox 442 3087 488 3144; x_wconf 86' lang='grc' dir='ltr'>καὶ</span> <span class='ocrx_word' id='word_1_273' title='bbox 509 3086 671 3163; x_wconf 69' lang='grc' dir='ltr'>ἀνθρώπους</span> <span class='ocrx_word' id='word_1_274' title='bbox 691 3088 742 3157; x_wconf 77' lang='grc' dir='ltr'>ἔξω</span> <span class='ocrx_word' id='word_1_275' title='bbox 760 3087 943 3167; x_wconf 78' lang='grc' dir='ltr'>Ἡρακληίων</span> 
     </span>
     <span class='ocr_line' id='line_1_36' title="bbox 139 3168 942 3247; baseline 0.005 -12"><span class='ocrx_word' id='word_1_276' title='bbox 139 3168 268 3235; x_wconf 53' lang='grc' dir='ltr'>στηλέων</span> <span class='ocrx_word' id='word_1_277' title='bbox 280 3175 501 3247; x_wconf 78' lang='grc' dir='ltr'>κατοικημένους,</span> <span class='ocrx_word' id='word_1_278' title='bbox 515 3180 544 3238; x_wconf 88' lang='grc' dir='ltr'>ἐς</span> <span class='ocrx_word' id='word_1_279' title='bbox 552 3175 617 3237; x_wconf 79' lang='grc' dir='ltr'>τούς</span> <span class='ocrx_word' id='word_1_280' title='bbox 631 3175 714 3237; x_wconf 82' lang='grc' dir='ltr'>ἐπεάν</span> <span class='ocrx_word' id='word_1_281' title='bbox 727 3175 880 3237; x_wconf 86' lang='grc' dir='ltr'>ἀπίκωνται</span> <span class='ocrx_word' id='word_1_282' title='bbox 893 3179 942 3239; x_wconf 78' lang='grc' dir='ltr'>καὶ</span> 
     </span>
    </p>
   </div>
   <div class='ocr_carea' id='block_1_2' title="bbox 51 3243 942 3367">
    <p class='ocr_par' dir='ltr' id='par_1_6' title="bbox 51 3243 942 3367">
     <span class='ocr_line' id='line_1_37' title="bbox 51 3243 942 3367; baseline 0.036 -64"><span class='ocrx_word' id='word_1_283' title='bbox 51 3303 80 3367; x_wconf 50' lang='grc' dir='ltr'>ι</span> <span class='ocrx_word' id='word_1_284' title='bbox 139 3243 285 3310; x_wconf 65' lang='grc' dir='ltr'>ἐξέλωνται</span> <span class='ocrx_word' id='word_1_285' title='bbox 304 3254 341 3313; x_wconf 86' lang='grc' dir='ltr'>τά</span> <span class='ocrx_word' id='word_1_286' title='bbox 361 3260 473 3333; x_wconf 83' lang='grc' dir='ltr'>φορτία,</span> <span class='ocrx_word' id='word_1_287' title='bbox 490 3262 583 3325; x_wconf 90' lang='grc' dir='ltr'>θέντες</span> <span class='ocrx_word' id='word_1_288' title='bbox 597 3262 668 3323; x_wconf 84' lang='grc' dir='ltr'>αύτά</span> <span class='ocrx_word' id='word_1_289' title='bbox 681 3263 781 3339; x_wconf 75' lang='grc' dir='ltr'>ἐπεξῆς</span> <span class='ocrx_word' id='word_1_290' title='bbox 795 3264 874 3340; x_wconf 60' lang='lat' dir='ltr'>vap&amp;</span> <span class='ocrx_word' id='word_1_291' title='bbox 887 3264 942 3341; x_wconf 62' lang='grc' dir='ltr'>τήν</span> 
     </span>
    </p>
   </div>
   <div class='ocr_carea' id='block_1_3' title="bbox 0 0 1080 3500">
    <p class='ocr_par' dir='ltr' id='par_1_7' title="bbox 0 0 1080 3500">
     <span class='ocr_line' id='line_1_38' title="bbox 0 0 1080 3500; baseline 0 5"><span class='ocrx_word' id='word_1_292' title='bbox 0 0 1080 3500; x_wconf 95' lang='lat' dir='ltr'> </span> 
     </span>
    </p>
   </div>
  </div>
 </body>
</html>
