2150 3500
163 112 213 161 ιιι
462 111 646 163 Ἥυοιουου
896 106 966 174 [m

164 189 235 267 ἀνήρ
252 189 359 253 ἱππεύς·
379 191 521 271 ἐπέγραψε
537 190 567 250 δὲ
582 190 735 270 γράμματα
751 189 874 270 λέγοντα
889 188 968 249 τόδε·

165 278 335 341 ΔΑΡΕΙΟΣ
348 276 382 336 ε0
396 277 637 342 ὙΣΤΑΣΠΕΟΣ
651 280 729 342 ΣΥΝ
742 284 790 335 ΤΕ
810 282 890 335 ΤΟΥ
900 276 970 336 ἹΠ·

168 371 251 426 ΠΟΥ
270 370 335 423 ΤΗι
356 370 496 423 ΑΡΕΤΗι
514 364 559 443 (τό
581 364 688 439 ούνομα
706 364 809 443 λέγων)
825 369 898 422 ΚΑΙ
914 371 970 423 ΟΙ-

165 453 318 516 ΒΑΡΕΟΣ
351 458 428 511 ΤΟΥ
452 450 716 522 ἸΠΠΟΚΟΜΟἉ
747 450 970 515 ΈΚΤΗΣΑΤΟ

119 544 155 603 89
166 545 249 599 ΤΗΝ
282 540 467 603 ΠΕΡΣΕΩΝ
501 540 735 603 ΒΑΣΙΛΗΙΗΝ.
775 538 910 614 Ποιήσας
939 540 971 599 δὲ

164 632 254 688 ταῦτα
270 632 300 687 έν
318 627 459 705 Πέρσησι,
480 624 569 705 ἀρχὰς
588 625 784 701 κατεστήσατο
804 626 898 685 είκοσι
919 625 971 689 τὰς

165 715 246 775 αὐτοὶ
272 714 407 773 καλέουσι
432 714 618 791 σατραπηίας.
656 712 839 789 καταστήσας
865 714 896 773 δὲ
918 713 971 778 τὰς

166 801 255 881 ἀρχὰς
275 802 321 860 καὶ
341 799 478 879 ἄρχοντας
499 801 664 877 ἐπιστήσας,
678 800 796 870 ἐτάξατο
814 800 922 877 φόρους
943 806 971 861 οἷ

53 912 59 923 ·
165 890 313 967 προσιέναι
331 888 402 949 κατὰ
419 887 499 948 έθνεό
510 914 550 958 τε,
564 890 611 948 καὶ
622 888 694 966 πρδς
705 892 783 949 τοῖσι
796 890 892 949 ἔθνεσι
902 890 970 953 τούς

164 975 379 1055 πλησιοχώρους
404 975 605 1057 προστάσσων,
628 977 676 1035 καὶ
700 975 879 1053 ὑπερβαίνων
902 977 971 1041 τούς

165 1065 331 1143 προσεχέας,
345 1062 464 1123 ἄλλοισι
482 1061 560 1123 ἄλλα
572 1062 609 1124 τὰ
622 1064 762 1142 ἑκαστέρω
775 1065 856 1124 ἔθνεα
868 1065 968 1142 νέμων.
1053 1113 1054 1136 ,

204 1150 310 1231 Ἀρχὰς
326 1151 355 1211 δὲ
373 1150 419 1210 καὶ
436 1149 531 1229 φόρων
543 1151 687 1229 πρόσοδον
704 1150 757 1226 τήν
770 1153 885 1212 ε’πέτεον
897 1155 970 1213 κατὰ

165 1240 231 1302 τόδε
250 1241 345 1299 διεῖλε·
365 1242 442 1298 τοῖσι
458 1240 510 1315 μὲν
526 1238 617 1300 αὐτῶν
633 1238 764 1319 ἀργύριον
781 1238 970 1320 ἀπαγινέουσι
1054 1268 1056 1294 ι

168 1330 260 1407 εἴρητο
283 1324 468 1404 Βαβυλώνιον
488 1325 619 1404 σταθμόν
637 1327 778 1387 τάλαντον
798 1326 968 1407 ἀπαγινέειν,
1054 1317 1055 1354 ³

167 1420 245 1477 τοῖσι
258 1416 288 1475 δὲ
303 1414 422 1493 χρυσίον
439 1412 623 1494 ἀπαγινέουσι
640 1412 792 1490 Εὐβοϊκόν·
812 1414 846 1475 τό
864 1415 895 1473 δὲ
910 1422 968 1475 Βα-

165 1503 306 1580 βυλώνιον
325 1502 464 1563 τάλαντον
479 1501 593 1562 δύναται
611 1500 754 1578 Εὐβοίδας
770 1502 968 1580 ἑβδομήκοντα
1055 1567 1056 1590 η

165 1592 259 1669 μνέας.
294 1590 341 1649 ε’πὶ
354 1588 410 1670 γοῖρ
424 1588 519 1666 Κύρου
537 1588 680 1668 ἄρχοντος,
694 1589 740 1649 καὶ
753 1589 829 1653 αιίτις
844 1591 968 1668 Καμβύ-
1055 1633 1056 1636 =

166 1704 231 1749 σεω,
247 1676 283 1755 ἦν
303 1676 474 1754 κατεστηκδς
494 1676 574 1737 οὐδὲν
589 1677 680 1756 φόρου
699 1678 773 1757 πέρι,
793 1677 873 1737 ἀλλὰ
892 1680 968 1757 δῶρα
1056 1735 1058 1755 ,

166 1766 284 1848 ἀγίνεον.
319 1764 377 1846 (διαὶ
391 1765 421 1824 δὲ
433 1765 537 1842 ταύτην
550 1766 603 1842 τήν
615 1767 739 1836 ἐπίταξιν
750 1771 800 1827 τοῦ
815 1766 908 1844 φόρου
919 1770 968 1828 καὶ

166 1851 353 1932 παραπλήσια
363 1852 449 1932 ταύτῃ
457 1853 544 1925 ἄλλα,
554 1855 673 1936 λέγουσι
683 1854 795 1931 Πέρσαι
803 1854 839 1918 ῶς
847 1860 968 1933 Δαρεῖος

165 1943 217 2020 μὲν
229 1940 264 2018 ἦν
278 1941 412 2017 κάπηλος·
433 1941 597 2020 Καμβύσης
614 1942 644 2001 δὲ
660 1941 807 2018 δεσπότης·
828 1947 923 2021 Κῦρος
936 1946 968 2005 δὲ

166 2030 269 2108 πατήρ·
290 2029 306 2091 6
322 2031 374 2107 μὲν
387 2029 430 2091 ὅτι
444 2030 600 2106 ἐκαπήλευε
613 2029 706 2091 πάντα
716 2029 754 2090 τὰ
766 2029 928 2111 πρήγματα·
949 2033 967 2093 6
1049 2027 1053 2035 ’

166 2120 197 2179 δὲ
212 2119 255 2180 ὅτι
270 2118 396 2198 χαλεπός
412 2143 444 2178 τε
458 2116 554 2194 ἦνκαὶ
572 2116 718 2199 ὀλίγωρος·
739 2117 756 2178 6
774 2118 805 2177 δὲ
822 2116 867 2178 ὅτι
882 2119 967 2195 ἤπιός

118 2209 205 2278 9οτε,
219 2208 265 2266 καὶ
281 2205 374 2287 οἷγιιθό
390 2212 446 2282 σφι
461 2204 554 2266 πάντα
568 2205 792 2286 ἐμηχανήσατο.)
823 2205 898 2266 ’Aura
912 2211 966 2284 μὲν

165 2294 318 2370 δήἸῶνων,
333 2296 379 2354 καὶ
395 2293 554 2375 Μαγνήτων
568 2298 625 2353 τῶν
641 2299 670 2354 έν
685 2298 721 2372 τῇ
733 2292 826 2372 Ἀσίη,
841 2296 888 2354 καὶ
900 2300 965 2355 Αἰο-

166 2382 245 2450 λέων,
270 2381 316 2439 καὶ
340 2385 451 2457 Καρῶν,
475 2381 521 2440 καὶ
544 2382 662 2451 Λυκίων,
685 2381 732 2440 καὶ
754 2382 894 2453 Μιλυέων,
917 2385 966 2443 καὶ

166 2466 342 2544 Παμφύλων,
356 2466 408 2547 (εἷς
420 2468 475 2547 γὰρ
487 2467 523 2544 ἦν
536 2471 564 2528 οἱ
578 2470 746 2549 τεταγμένος
758 2468 848 2547 φόρος
863 2468 965 2552 οὗτος)

164 2553 284 2632 προσήϊε
302 2553 471 2631 τετρακόσια
490 2555 617 2616 τάλαντα
640 2557 778 2638 ἀργυρίου.
821 2556 839 2617 6
858 2559 965 2636 μὲνδὴ

165 2645 273 2719 πρῶτος
287 2639 368 2704 οὗτός
379 2643 406 2700 οἱ
422 2641 505 2718 νομός
519 2643 697 2719 κατεστήκεε.
731 2643 788 2705 dm}
804 2645 834 2704 δὲ
847 2650 964 2717 Μυσῶν,

165 2730 211 2790 καὶ
223 2730 329 2800 Λυδῶν,
343 2730 390 2789 καὶ
403 2731 558 2801 Λασονίων,
573 2732 620 2790 καὶ
633 2732 798 2808 Καβαλίων,
812 2729 859 2792 καὶ
870 2733 965 2815 Ὑγεν-

164 2820 238 2891 νέων,
261 2817 434 2878 πεντακόσια
455 2818 591 2878 τάλαντα·
618 2820 704 2896 νομός
725 2819 851 2898 δεύτερος
873 2819 964 2886 οὗτος.

164 2904 220 2964 οἷπδ
237 2905 266 2963 δὲ
278 2905 510 2980 Ἑλλησποντίων
521 2910 578 2965 τῶν
591 2906 637 2964 ἐπὶ
653 2906 729 2976 δεξιοὶ
745 2909 905 2978 ἐσπλέοντι,
920 2910 966 2970 καὶ

163 2995 287 3070 Φρυγῶν,
301 2992 348 3049 καὶ
365 2991 491 3067 Θρηίκων
505 2997 562 3051 τῶν
576 2995 606 3051 έν
620 2996 658 3070 τῇ
669 2993 763 3071 Ἀσίη,
777 2996 824 3054 καὶ
840 3000 965 3072 Παφλα-

162 3076 258 3154 γόνων,
277 3077 324 3135 καὶ
345 3077 553 3154 Μαριανδυνῶν,
571 3078 617 3136 καὶ
636 3080 750 3155 Συρίων,
767 3081 902 3157 έΗκοντα
920 3085 967 3144 καὶ

163 3161 311 3236 τριηκόσια
331 3159 367 3237 ἣν
387 3162 513 3222 τάλαντα
533 3163 632 3240 φόρος·
653 3166 739 3242 νομδς
760 3169 854 3245 τρίτος
874 3167 964 3234 οὗτος.

162 3243 220 3304 α’πδ
234 3247 264 3304 δὲ
279 3249 404 3307 Κιλίκων
418 3250 499 3307 ίπποι
514 3275 545 3308 τε
562 3252 658 3309 λευκοὶ
675 3253 811 3327 ἑξήκοντα
825 3257 872 3314 καὶ
887 3281 964 3334 τριη·
