2150 3500
166 140 217 191 ατο
465 140 649 189 Ἦυοιουου
901 136 967 202 [m

166 220 255 297 ἴδμεν·
270 222 323 280 τού
334 218 503 297 α’ρχιτέκτων
511 223 621 295 πρῶτος
633 220 743 300 ἐγένετο
753 218 864 282 Ῥοῖκος
876 218 969 277 Φίλεω

168 306 320 385 ἐπιχώριος.
355 305 459 367 τούτων
479 305 581 367 εἵνεκεν
599 306 713 383 μᾶλλόν
727 332 756 366 τι
771 306 837 384 περὶ
855 306 969 383 Σαμίων

168 395 297 473 ἐμήκυνα.

120 486 156 545 61
208 481 356 561 Καμβύση
369 482 399 541 δέ
411 483 449 561 τῷ
462 480 566 559 Κύρου,
579 482 735 560 χρονίζοντι
747 480 813 559 περὶ
823 481 970 562 Αἴγυπτον

166 572 213 631 καὶ
238 568 497 648 παραφρονήσαντι,
525 568 721 629 ἐπανιστέαται
747 568 845 645 ἄνδρες
870 568 970 649 Μάγοι

166 658 216 719 δύο
238 657 382 734 ἀδελφεοί·
415 660 471 717 τῶν
493 654 544 717 τόν
568 656 661 734 ἕτερον
688 657 892 716 καταλελοίπεε
914 660 971 717 τῶν

166 748 258 808 οἰκίων
283 745 439 822 μελεδωνόν
461 743 478 805 δ
501 744 675 821 Καμβύσης·
709 741 790 807 οὗτος
813 744 849 820 δή
877 742 918 803 ὧν
944 748 972 803 οἱ

165 834 313 909 ἐπανέστη,
329 832 426 909 μαθών
443 857 475 892 τε
492 832 543 892 τόν
561 832 697 909 Σμέρδιος
714 831 837 892 θάνατον
855 830 891 895 ιύς
907 832 971 910 κρύ-

165 947 263 981 πτοιτο
277 920 431 1001 γενόμενος,
444 920 490 979 καὶ
503 918 539 983 ὥς
552 918 646 1000 ὀλίγοι
658 919 733 996 ἦσαν
746 923 772 979 οἶ
786 918 972 997 ἐπιστάμενοι

166 1008 255 1069 αὐτῶν
275 1009 459 1085 Περσέων,οἶ
479 1008 509 1067 δὲ
528 1008 635 1067 πολλοὶ
655 1006 801 1085 περιεόντα
819 1001 872 1083 μιν
891 1006 972 1066 είδεί-

165 1123 250 1174 ησαν·
268 1098 340 1173 πρός
352 1100 440 1156 ταῦτα
452 1093 615 1171 βουλεύσας
629 1094 702 1155 τόδε·
712 1095 879 1173 ἐπεχείρησε
890 1098 973 1155 τοῖσι

166 1186 357 1263 βασιληίοισι·
378 1182 413 1259 ἦν
426 1186 453 1242 οἱ
465 1182 612 1258 ἀδελφεὰς,
624 1182 675 1244 τόν
690 1182 756 1243 εἴποί
768 1186 796 1242 οἶ
813 1208 973 1242 συνεπανα-

167 1276 277 1350 στῆναι,
292 1271 370 1335 οίκιδς
390 1271 519 1347 μάλιστα
536 1269 571 1330 τύ
592 1270 663 1333 εἶδος
683 1270 788 1349 Σμέρδι
806 1274 847 1349 τῷ
863 1270 972 1348 Κύρου·

166 1361 246 1422 τδνύ
260 1359 431 1437 Καμβύσης,
446 1358 526 1418 ἐόντα
539 1361 640 1417 ἑαυτοῦ
653 1357 801 1435 ἀδελφεὰν,
815 1356 972 1418 ἀπέκτεινε·

167 1448 203 1526 ἦν
213 1475 245 1510 τε
258 1448 291 1523 δή
305 1448 401 1523 ὁμοῖος
419 1446 490 1509 εἶδος
505 1449 545 1523 τῷ
564 1446 668 1523 Σμέρδι
684 1446 731 1505 καὶ
748 1445 783 1521 δή
797 1446 846 1504 καὶ
863 1444 975 1523 οὕνομα

167 1535 255 1597 τῶυτύ
270 1536 327 1614 εἶχε
341 1534 471 1611 Σμέρδιν·
491 1538 591 1594 τοῦτον
604 1533 655 1593 τόν
671 1532 758 1612 ἄνδρα
773 1531 944 1613 ἀναγνώσας
957 1533 974 1594 ἆ

169 1624 270 1704 Μάγος
296 1623 464 1698 Πατιζείθης
484 1620 520 1685 ὥς
539 1624 567 1681 οἱ
589 1620 673 1685 αύτδς
696 1621 788 1681 πάντα
815 1620 974 1698 διαπρήξει,
1049 1685 1051 1688 ,

168 1712 228 1771 εἷσε
253 1709 327 1793 ἄγων
347 1714 375 1773 ἐς
397 1708 447 1770 τόν
469 1706 626 1786 βασιλήϊον
649 1708 760 1786 θρόνον·
792 1708 920 1785 ποιήσας
944 1711 976 1770 δὲ

168 1803 260 1869 τοῦτο,
277 1798 395 1876 κήρυκας
410 1801 446 1876 τῇ
461 1823 493 1858 τε
513 1795 590 1876 ἄλλη
610 1797 744 1874 διέπεμπε
764 1799 811 1858 καὶ
827 1797 862 1874 δή
881 1799 931 1857 καὶ
947 1804 976 1863 ἐς

169 1888 318 1968 Αἴγυπτον,
337 1886 506 1965 προερέοντα
523 1889 562 1964 τῷ
581 1889 701 1963 στρατῷ,
715 1884 751 1949 οἷς
766 1886 904 1963 Σμέρδιος
922 1891 976 1947 τοῦ

170 1975 265 2052 Κύρου
277 1975 417 2035 α’κουστέα
430 1974 473 2050 εἴη
484 1975 534 2034 τοῦ
548 1975 659 2043 λοιποῦ,
670 1971 737 2031 ἀλλ’
747 1972 780 2032 ού
790 1973 975 2050 Καμβύσεω.

123 2065 160 2124 62
171 2065 210 2124 Οἵ
219 2090 250 2125 τε
264 2063 298 2140 δὴ
315 2062 351 2123 ὤν
368 2061 454 2122 ἄλλοι
472 2059 588 2137 κήρυκες
602 2058 794 2141 προηγόρευον
808 2065 909 2131 ταῦτα,
927 2063 976 2122 καὶ

169 2152 203 2229 δή
222 2153 268 2212 καὶ
284 2151 299 2212 ὁ
316 2151 359 2211 ἐπ’
372 2150 515 2231 Αἴγυπτον
533 2149 655 2226 ταχθεὶς,
669 2146 792 2229 (εὕρισκε
811 2148 868 2229 γὰρ
890 2155 975 2226 Καμ-

169 2240 263 2318 βύσεα
277 2241 323 2298 καὶ
334 2238 384 2299 τόν
397 2235 520 2315 στρατόν
538 2234 620 2296 ἐόντα
636 2239 688 2310 τῆς
705 2237 807 2313 Συρίης
821 2241 851 2296 ἐν
863 2236 975 2318 Ἀγβα-

169 2327 300 2406 τόνοισι,)
313 2325 485 2407 προηγόρευε
499 2322 570 2387 στοὶς
583 2327 611 2386 ἐς
625 2324 716 2400 μέσον
728 2323 765 2383 τὰ
784 2326 975 2401 ἐντεταλμένα

170 2420 201 2474 ἐκ
213 2417 264 2474 τοῦ
277 2413 390 2494 Μάγου·
411 2410 575 2488 Καμβύσης
587 2410 617 2470 δὲ
630 2409 753 2474 ἀκούσας
769 2413 860 2471 ταῦτα
877 2416 910 2471 ἐκ
922 2415 974 2473 τοῦ

171 2502 295 2579 κήρυκος,
320 2501 366 2558 καὶ
386 2501 506 2561 ἐλπίσας
524 2523 574 2576 μιν
593 2499 687 2579 λέγειν
706 2497 817 2574 ἀληθέα
836 2496 924 2563 αύτός
942 2525 975 2560 τε

169 2587 356 2666 προδεδόσθαι
370 2592 400 2647 ἐκ
413 2585 611 2663 Πρηξάσπεος,
624 2585 804 2665 (πεμφθέντα
818 2586 876 2668 γοὶρ
888 2586 976 2648 αύτδν

171 2677 207 2741 οἷς
219 2675 420 2737 ἀποκτενέοντα
430 2673 550 2751 Σμέρδιν
561 2673 594 2733 ού
606 2677 726 2749 ποιήσαι
738 2675 848 2755 ταῦτα)
858 2676 975 2754 βλέψας
1049 2724 1051 2733 .

172 2771 200 2830 ἐς
217 2764 268 2833 τόν
293 2762 469 2841 Πρηξάσπεα
495 2761 566 2822 εἶπε·
600 2772 619 2798 “
627 2761 807 2838 Πρήξασπες,
832 2761 904 2822 οὕτω
924 2789 976 2839 μοι

171 2853 321 2930 διεπρήξαο
338 2851 372 2911 τό
391 2876 436 2910 τοι
453 2850 618 2926 προσέθηκα
637 2853 756 2929 πρῆγμα
765 2848 790 2918 ;”
818 2849 886 2910 όδέ
902 2850 975 2911 εἶπε·
1049 2860 1051 2863 ’

171 2939 216 2998 “οἰ
235 2941 367 3008 δέσποτα,
383 2937 433 2997 οὔκ
449 2939 512 2996 ἐστι
528 2939 617 2995 ταῦτα
633 2935 742 3012 ἀληθέα
758 2935 828 3000 ὅκως
845 2939 914 2998 κοτέ
926 2965 976 3000 σοι

172 3026 289 3100 Σμέρδις
309 3024 447 3099 ἀδελφεός
466 3023 483 3082 ὁ
503 3022 555 3084 σδς
574 3024 755 3098 ἐπανέστηκε,
770 3023 835 3082 ούδὲ
854 3023 926 3088 ὅκως
945 3051 974 3086 τι

173 3112 205 3178 ἐξ
230 3113 333 3170 ἐκείνου
358 3114 409 3168 τοῦ
429 3108 528 3185 οἷνδρδς
548 3109 637 3171 νεῖκός
655 3134 701 3168 τοι
722 3112 802 3170 ἐσται
821 3109 841 3186 ή
860 3113 939 3192 μέγα
957 3111 976 3188 ἢ

173 3197 302 3271 σμικρόν·
322 3197 376 3275 ἐγοδ
389 3196 444 3275 γοῖρ
458 3195 541 3255 αύτδς
553 3194 675 3270 ποιήσας
690 3196 727 3255 τό
739 3196 779 3256 ’σύ
790 3223 827 3274 με
840 3200 975 3270 ἐκέλευες,

172 3280 264 3357 ἐθαψοί
288 3305 338 3346 μιν
362 3281 446 3357 χερσὶ
470 3279 539 3356 τήσι
559 3285 706 3356 ἐμεωυτοῦ.
747 3288 773 3342 εί
798 3285 852 3361 μέν
876 3310 929 3345 νυν
949 3289 977 3346 οἵ
