2150 3500
170 115 202 162 οι
475 116 655 166 Ἦνοιοτοτ
933 116 969 184 [1.

166 193 280 266 πάντας,
294 195 342 255 καὶ
357 193 518 277 στρατηγόν
534 194 624 256 αύτῦν
643 194 718 256 ὥστε
733 193 903 272 θεοβλαβής
918 194 971 254 ἔων

165 279 281 352 ἀπέδεξε
292 280 449 364 Ἅρπαγον,
467 282 560 359 λήθην
574 282 737 361 ποιεύμενος
750 281 788 342 τά
801 307 851 360 μιν
864 281 969 363 ε’όργεε·

166 367 202 432 οἷς
213 368 237 429 δ’
250 372 278 429 οἱ
290 369 386 445 Μῆδοι
399 368 640 447 στρατευσόμενοι
652 373 729 430 τοῖσι
741 369 876 449 Πέρσησι
888 369 969 429 συνέ-

164 480 278 537 μισγον,
297 460 325 516 οἱ
344 457 396 533 μέν
410 482 483 519 τινες
502 456 592 517 αῦτῶν
616 457 754 537 ἐμάχοντο
774 455 840 517 ὅσοι
858 455 899 534 μή
915 461 968 517 τοῦ

166 543 255 624 λόγου
267 544 415 622 μετέσχον,
425 547 451 604 οἱ
461 543 491 604 δὲ
504 543 753 621 αύτομόλεονπρδς
762 543 827 608 τοῦς
839 544 966 622 Πέρσας·

117 631 175 691 128
185 634 211 690 οἶ
224 631 254 690 δὲ
266 635 399 692 πλεῖστοι
412 630 593 692 ἐθελοκάκεόν
600 657 631 692 τε
641 633 688 691 καὶ
700 633 827 713 ἔφευγον.
860 635 967 691 Διαλυ-

164 718 259 783 θέντος
279 718 309 778 δὲ
328 723 378 779 τοῦ
399 718 527 795 Μηδικοῦ
548 718 755 798 στρατεύματος
775 722 908 798 αἰσχρῶς,
930 719 966 784 οἷς

115 857 117 864 ,
166 804 282 867 ἐπύθετο
303 804 427 884 τάχιστα
448 805 464 865 ὁ
485 805 654 888 Ἀστυάγης,
676 808 741 883 ἔφη,
765 805 902 867 ἀπειλέων
926 811 966 886 τῷ

163 890 257 972 Κύρῳ·
279 901 297 928 “
305 891 370 950 ἀλλ’
389 891 444 952 οὐδ’
459 891 495 955 ῦς
512 891 528 954 ἀ
545 893 640 972 Κῦρός
653 919 688 976 γε
706 891 863 974 χαιρήσει.”
895 919 965 954 τοσ-

163 982 234 1039 αῦτα
250 979 337 1050 εἴπας,
354 983 464 1057 πρῶτον
479 983 532 1058 μὲν
550 985 606 1042 τιῦν
624 981 722 1064 μάγων
738 981 803 1046 τοῦς
822 979 964 1060 ἀνειροπό·

163 1067 232 1130 λους
247 1066 277 1126 οἶ
290 1092 338 1143 μιν
356 1065 516 1148 ἀνέγνωσαν
532 1072 656 1146 μετεῖναι
666 1068 717 1130 τάν
731 1073 834 1148 Κῦρον,
847 1069 965 1134 τούτους

164 1151 380 1227 ἀνεσκολόπισε,
392 1154 464 1231 μετά
480 1155 517 1226 δὲ,
533 1154 643 1217 ὥπλισε
658 1155 724 1221 τοῦς
740 1155 964 1233 ἀπολειφθέντας

160 1243 216 1300 τοῦν
234 1239 340 1317 Μήδων
359 1247 389 1303 έν
407 1247 446 1322 τῷ
466 1242 556 1314 ἄστεϊ,
578 1245 656 1309 νέους
678 1270 710 1305 τε
731 1246 778 1305 καὶ
797 1244 964 1323 πρεσβύτας

161 1325 271 1406 ἄνδρας·
298 1329 441 1412 ε’ξαγαγιῦν
460 1330 490 1390 δὲ
508 1330 623 1397 τούτους
644 1333 691 1392 καὶ
710 1331 869 1410 συμβαλοδν
885 1337 963 1395 τοῖσι

161 1416 294 1495 Πέρσησι
307 1417 431 1494 έσσιόθη·
452 1420 499 1478 καὶ
511 1418 595 1482 αύτός
603 1445 634 1479 τε
640 1419 800 1501 Ἀστυάγης
810 1419 961 1500 ἐζωγρήθη,

113 1503 171 1560 129
181 1504 228 1563 καὶ
243 1503 308 1567 τοῦς
324 1504 443 1585 ἐξήγαγε
458 1510 514 1565 τιῦν
527 1506 633 1582 Μήδων
644 1507 785 1584 ἀπέβαλε.
825 1505 919 1568 Ἐόντι
931 1507 962 1566 δὲ

161 1590 328 1669 αἰχμαλώτῳ
344 1595 382 1669 τῷ
393 1590 546 1674 Ἀστυάγεῖ
561 1595 689 1671 προστάς
701 1593 871 1675 ἀἋρπαγος
883 1595 959 1654 κατέ-

158 1678 241 1755 χαιρέ
255 1701 287 1736 τε
305 1678 351 1737 καὶ
365 1680 570 1757 κατεκερτόμεε,
585 1682 631 1741 καὶ
643 1680 721 1741 ἀλλα
732 1682 823 1764 λέγων
836 1685 864 1746 ἐς
876 1680 960 1743 αύτῦν

159 1764 306 1845 θυμαλγέα
319 1766 386 1826 ἔπεα
399 1767 445 1825 καὶ
458 1766 492 1843 δή
506 1769 554 1830 καὶ
567 1770 655 1847 εἴρετό
668 1795 725 1848 μιν,
733 1770 804 1847 πρδς
812 1769 845 1831 τῦ
858 1774 959 1831 ἑωυτοῦ

158 1849 269 1913 δεῖπνον
287 1852 322 1914 τό
341 1878 390 1931 μιν
410 1858 512 1919 ἐκεῖνος
531 1858 618 1935 σαρξὶ
636 1861 687 1917 τοῦ
706 1857 805 1921 παιδός
822 1857 958 1935 ἐθοίνησε,

159 1936 202 1998 “ῦ
213 1964 242 1999 τι
254 1939 297 2017 εἴη
310 1939 329 2017 ἦ
344 1941 448 2003 ἐκείνου
464 1943 622 2021 δουλοσύνη
634 1943 697 2005 ἀντὶ
708 1948 760 2023 τῆς
770 1944 958 2022 βασιληΐης;”

158 2023 175 2085 ὅ
188 2025 220 2085 δέ
230 2052 280 2105 μιν
291 2028 434 2106 προσιδιῦν
447 2028 597 2110 ἀντείρετο,
610 2042 629 2068 “
637 2036 662 2091 εἰ
674 2035 775 2092 έωυτοῦ
788 2033 912 2092 ποιέεται
923 2032 957 2094 τῦ

160 2112 256 2191 Κύρου
273 2116 354 2198 ἔργον
359 2115 383 2187 ;”
398 2117 546 2201 Ἀρπαγος
558 2119 588 2179 δὲ
600 2120 664 2195 ἔφη,
677 2118 761 2183 αύτδς
773 2119 829 2201 γὰρ
839 2119 957 2201 γράψαι,

160 2201 190 2261 τῦ
210 2207 328 2285 πρῆγμα
346 2204 380 2280 δή
401 2208 501 2265 ἑωυτοῦ
517 2206 627 2271 δικαίως
647 2207 725 2268 εἶναι·
747 2206 908 2288 Ἀστυάγης
926 2208 958 2268 δέ

155 2313 205 2364 μιν
224 2288 363 2368 ἀπέφαινε
381 2295 420 2370 τῷ
439 2291 517 2374 λόγῳ
538 2303 556 2330 “
564 2293 733 2356 σκαιότατόν
746 2319 778 2354 τε
798 2295 844 2354 καὶ
860 2293 951 2355 ἀδικιύ

155 2400 241 2437 τατον
261 2378 342 2439 ε’όντα
361 2377 471 2439 πάντων
489 2380 649 2458 ἀνθρώπων·
668 2381 901 2459 σκαιότατόνμέν
911 2408 954 2464 γε,

157 2466 182 2522 εἰ
200 2462 305 2541 παρεδν
325 2463 398 2542 αύτῷ
414 2466 543 2541 βασιλέα
557 2470 698 2549 γενέσθαι,
710 2469 748 2548 (εἰ
759 2469 794 2546 δή
807 2468 840 2529 δι’
853 2473 954 2531 ἑωυτοῦ

111 2575 112 2578 ’
153 2574 189 2629 γε
208 2549 336 2629 ἐπρήχθη
353 2550 390 2610 τά
409 2552 570 2635 παρεόντα)
588 2556 668 2637 ἀλλιρ
685 2558 831 2634 περιέθηκε
843 2556 877 2617 τῦ
889 2558 953 2636 κρά·

152 2661 210 2699 τος·
231 2636 399 2699 ἀδικώτατον
415 2638 453 2710 δὲ,
468 2638 512 2700 ὅτι
526 2645 578 2702 τοῦ
595 2643 706 2705 δείπνου
722 2644 823 2705 εἵνεκεν
837 2643 953 2721 Μήδους

153 2723 352 2786 κατεδούλωσε·
373 2724 462 2808 εἰγάρ
475 2728 509 2805 δή
523 2728 586 2790 δέον
594 2729 702 2796 πάντως
713 2731 953 2814 περιθεῖναιάλλιρ

151 2811 205 2891 τέῳ
221 2811 274 2888 τήν
286 2814 443 2892 βασιληΐην
458 2817 505 2876 καὶ
520 2816 562 2893 μή
581 2816 666 2880 αύτάν
682 2820 762 2897 ἔχειν,
781 2818 951 2897 δικαιότερον

153 2898 223 2960 εἶναι
245 2900 350 2977 Μήδων
370 2903 423 2982 τέῳ
447 2905 616 2981 περιβαλεῖν
634 2908 720 2965 τοῦτο
742 2904 776 2965 τῦ
799 2905 906 2986 ἀγαθῦν
930 2907 950 2986 ἢ

150 2988 292 3064 Περσέων·
313 2993 361 3050 νῦν
377 2988 407 3047 δὲ
426 2989 543 3065 Μήδους
561 2993 613 3066 μὲν
628 2990 765 3055 ἀναιτίους
779 2993 879 3054 τούτου
891 2993 949 3055 ε’όν-

149 3096 200 3137 τας
219 3074 336 3139 δούλους
354 3074 416 3135 ἀντὶ
436 3074 593 3135 δεσποτέων
612 3077 763 3157 γεγονέναι,
783 3080 899 3156 Πέρσας
918 3082 949 3143 δὲ

149 3159 265 3224 δούλους
286 3161 381 3225 ἐόντας
400 3161 435 3222 τῦ
455 3161 523 3239 πρὶν
542 3160 647 3237 Μήδων
666 3166 716 3225 νῦν
736 3167 880 3247 γεγονέτω
905 3168 948 3231 δε·

147 3245 282 3308 σπότας.”
