2150 3500
188 125 239 176 ιοι
485 121 671 172 Ἢνοιουου
945 117 1001 186 [11

186 203 383 290 [ἐπιμέμνηται
399 200 432 262 δέ
448 202 495 262 καὶ
512 207 544 262 ἐν
558 199 721 281 Ὀδυσσείῃ,
734 204 764 262 ἓν
780 200 894 263 ποῖσίδε
914 206 1001 264 τοῖσι

187 295 277 354 ἔπεσι·

202 424 261 472 Τοῖα
277 423 332 473 Διὸς
348 421 457 484 θυγάτηρ
473 420 516 482 έχε
532 419 649 484 φάρμακα
665 419 802 482 μητιόεντα,

201 496 286 555 έσάλδ,
305 495 338 544 τά
354 496 376 544 οί
392 495 537 553 Πολύδαμνα
555 494 634 556 πάρει,
651 494 729 542 θῶνος
748 493 894 555 παράκοιτις

201 566 333 629 Δίγυπτίη·
351 567 385 627 τῇ
400 567 506 614 πλεῖστα
520 567 590 628 ,φέρει
607 565 715 627 ζείδωρος
733 564 823 627 άρουρα

201 640 326 708 φάρμακα,
340 639 423 687 πολλὰ
434 639 478 697 μέν
491 638 569 686 ἐσθλὰ
580 638 723 700 μεμιγμένα,
736 638 821 687 πολλὰ
834 638 862 688 δέ
874 638 969 703 λυγρά.

185 759 232 820 καὶ
243 757 310 820 τάδε
323 758 404 837 ἔτερα
416 757 488 836 πράς
500 755 671 836 Τηλέμαχον
683 735 837 822 Μενέλεως.
845 757 940 840 λέγει·

233 898 352 960 Αίγάπτῳ
366 895 392 956 μ’
405 897 441 946 ἔτι
457 898 525 960 δεῦρο
543 897 592 945 θεοί
607 897 724 956 μεμαῶτα
740 896 837 946 νέεσθαι

232 971 314 1031 ἔσχον,
332 971 385 1019 ἐπεί
401 971 430 1020 οὔ
445 975 503 1032 σφιν
518 970 589 1032 ἔρεξα
605 969 739 1029 τεληέσσας
755 965 918 1035 ἑκατόμβαι]

185 1094 215 1149 ἐν
229 1087 356 1151 τοάτοισι
372 1091 450 1150 τοῖσι
468 1090 550 1150 ἐπεσι
567 1089 651 1165 δηλοῖ
667 1087 711 1151 ὅτι
726 1085 872 1165 ἠπίστατο
890 1087 946 1166 τήν
962 1092 990 1155 ἐς

184 1177 328 1260 Αἴγυπτον
340 1176 528 1256 Ἀλεξάνδρου
544 1175 665 1253 πλάνην·
686 1175 815 1254 ὁμουρέει
830 1176 888 1257 γάρ
901 1175 921 1253 ἦ
935 1179 989 1243 Συ-

183 1267 231 1344 ρίη
244 1266 383 1349 Αίγθττῳ,
395 1269 423 1326 οἳ
435 1266 465 1327 δέ
477 1266 610 1337 Φοίνικες,
624 1268 679 1326 τῶν
693 1265 754 1325 έστὶ
765 1263 786 1340 ἦ
799 1264 900 1337 Σιδιάν,
912 1269 989 1354 ἐνπῇ
1050 1347 1051 1350 ¹

139 1353 195 1415 117
205 1354 293 1433 Συρίη
306 1355 438 1416 οἰκέουσι.
472 1353 557 1414 Κατά
572 1356 660 1414 ταῦτα
673 1352 703 1412 δέ
718 1351 755 1414 τοὶ
773 1353 842 1414 ἐπεα
859 1354 909 1413 καὶ
922 1355 989 1426 τάδε

183 1441 217 1503 τά
233 1445 337 1523 χωρίον
350 1441 401 1503 οὐκ
412 1441 517 1519 ἥκιστα
530 1440 609 1500 ἀλλά
625 1440 762 1519 μάλιστα,
776 1440 862 1518 δηλοῖ
878 1439 923 1502 ὅτι
936 1441 987 1502 οάκ
1050 1429 1051 1498 ί

183 1529 310 1608 Ὁμήρου
322 1529 359 1591 τά
371 1529 487 1608 Κάπρια
501 1528 569 1590 ἐτεά
581 1533 645 1590 ἐστι
657 1527 723 1589 ἀλλ’
733 1527 826 1589 άλλου
839 1529 925 1594 τινάς.
957 1535 987 1592 ἐν

182 1619 235 1693 μέν
255 1617 311 1699 γάρ
332 1621 410 1679 τοῖσι
431 1618 588 1696 Κυπρίοισι
607 1617 721 1694 εἴρηται,
743 1615 779 1681 ὥς
801 1619 927 1694 τριταῖος
954 1622 985 1681 ἐκ

184 1703 316 1783 Σπάρτης
327 1704 513 1785 Ἀλέξανδρος
526 1704 642 1767 ἀπίκετο
657 1709 684 1770 ἐς
696 1704 730 1767 τά
741 1702 833 1767 Ἴλιον
846 1703 922 1787 ἀγων
933 1705 985 1783 τὴν

181 1792 308 1871 Ἑλένην,
320 1793 396 1854 εὐαέῖ
407 1819 439 1855 τε
451 1794 589 1873 πνεύματι
597 1792 776 1874 χρησάμενος
790 1793 837 1853 καὶ
847 1793 984 1875 θαλάσση

184 1882 258 1960 λείη·
279 1887 309 1943 ἐν
324 1881 355 1941 δὲ
369 1880 470 1942 Ἰλιάδι
487 1883 566 1963 λέγει
583 1881 619 1946 ὥς
637 1881 773 1954 ἐπλάζετο
791 1881 867 1963 ἄγων
886 1881 982 1960 αάπήν.

177 1967 306 2048 Ὅμηρος
317 1970 370 2048 μέν
383 1995 432 2032 νυν
444 1970 492 2030 καὶ
503 1970 540 2031 τά
554 1968 670 2047 Κάπρια
683 1970 750 2029 ἐπεα
762 1970 894 2050 χαιρέτω.

137 2058 196 2119 118
224 2060 378 2138 Εἷρομένου
398 2058 430 2119 δέ
447 2084 501 2137 μευ
520 2056 586 2121 τοῖς
608 2058 691 2137 ἱρέας,
710 2061 735 2118 εί
754 2057 875 2136 μάταιον
894 2058 982 2141 λόγον

183 2147 302 2229 λέγουσι
318 2152 346 2209 οἶ
358 2147 497 2223 Ἕλληνες
510 2144 548 2207 τοὶ
562 2144 627 2223 περὶ
640 2144 732 2205 Ἰλιον
738 2144 885 2227 γενέσθαι,
900 2145 964 2223 ἣοῦ
971 2172 980 2219 ;

183 2235 295 2312 ἔφασαν
310 2234 381 2315 πρός
396 2238 485 2297 ταῦτα
499 2233 575 2303 τάδε,
590 2231 733 2313 ἱστορίῃσι
747 2231 870 2311 φάμενοι
884 2234 980 2296 εἰδέναι

182 2322 248 2400 παρ’
262 2322 347 2384 αὐτοῦ
358 2323 500 2383 Μενέλεω·
517 2322 611 2382 ἐλθεῖν
623 2322 675 2397 μὲν
687 2320 742 2401 γάρ
755 2320 828 2398 μετά
839 2320 892 2399 τήν
903 2321 979 2383 Ἑλέ·
1049 2350 1050 2363 ³

182 2434 232 2484 νης
242 2410 372 2490 άρπαγὴν
381 2414 409 2473 ἐς
418 2408 471 2485 τὴν
479 2409 614 2487 Τευκρίδα
623 2411 678 2490 γῆν
690 2408 836 2484 Ἑλλήνων
845 2410 979 2489 στρατιὴν
1049 2460 1050 2481 ,

182 2495 304 2572 πολλὴν,
315 2496 478 2573 βοηθεῦσαν
488 2496 630 2576 Μενέλεῳ·
647 2497 776 2574 ἐκβᾶσαν
788 2495 819 2556 δέ
832 2500 859 2562 ἐς
871 2498 978 2579 γῆνκαὶ
1049 2530 1050 2567 ι

182 2582 342 2660 ἱδρυθεῖσαν
353 2581 407 2659 τήν
419 2582 556 2661 στρατιὴν
568 2585 689 2662 πέμπειν
705 2589 733 2649 ἐς
747 2583 780 2645 τδ
794 2583 888 2646 Ἴλιον
899 2585 978 2667 ἀγγέ-
1049 2578 1050 2607 ³

181 2673 259 2737 λους·
279 2670 334 2733 σάν
345 2670 378 2731 δέ
389 2677 447 2748 σφι
461 2671 529 2732 ἰέναι
543 2672 589 2732 καὶ
602 2670 688 2732 αάτάν
701 2672 860 2733 Μενέλεων·
880 2670 977 2737 τοάςδ

182 2759 246 2821 ἐπεί
259 2784 292 2821 τε
307 2760 435 2822 ἐσελθεῖν
452 2762 480 2824 ἐς
496 2758 530 2821 τά
546 2762 648 2840 τεῖχος,
660 2759 801 2821 ἀπαιτέειν
815 2758 933 2837 Ἑλένην
947 2784 977 2823 τε

181 2848 229 2908 καὶ
241 2848 278 2910 τά
296 2848 429 2929 χρήματα
445 2847 482 2910 τά
500 2850 527 2908 οἱ
547 2848 641 2927 οἴχετο
662 2848 768 2926 κλέψας
787 2846 975 2925 Ἀλέξανδρος,

182 2938 239 2995 τῶν
249 2961 282 2996 τε
298 2934 475 3013 ἀδικημάτων
490 2936 567 2999 δίκας
583 2935 691 2996 αἰτέειν·
711 2934 777 2997 τοῖς
795 2934 826 2993 δέ
843 2934 976 3012 Τευκροάς

180 3021 230 3081 τάν
255 3020 342 3083 αάτάν
365 3021 455 3105 λόγον
477 3022 572 3102 λέγειν
594 3019 659 3080 τότε
681 3020 729 3079 καὶ
751 3020 909 3096 μετέπειτα,
932 3020 974 3079 καὶ

180 3105 317 3182 ὀμνύντας
334 3107 381 3168 καὶ
400 3107 531 3184 ἀνωμοτὶ,
547 3104 659 3181 μῆ-μέν
680 3107 753 3184 ἔχειν
772 3105 892 3183 Ἑλένην
908 3107 974 3184 μηδὲ

179 3190 217 3248 τά
229 3193 431 3269 ἐπικαλεύμενα
442 3191 583 3272 χρήματα,
597 3188 663 3248 ἀλλ’
677 3188 747 3252 εῖναι
760 3190 831 3253 αι’πά
843 3192 935 3254 πάντα
947 3198 973 3255 ἐν

180 3276 322 3354 Αἰγύπτῳ·
342 3279 389 3337 καὶ
404 3276 455 3338 οάκ
471 3274 507 3336 ἂν
520 3275 629 3339 δικαίαις
645 3274 724 3338 οὗτοὶ
739 3279 817 3343 δίκας
831 3278 972 3359 ἀπέχεινά
