2150 3500
113 133 256 198 193—199]
417 130 643 181 κακαοιιακπ.
867 129 914 176 ιω

113 212 291 293 κυματωγὴν,
311 209 450 288 ἐσβάντες
470 216 499 274 ἐς
516 210 554 271 ταὶ
574 211 665 270 πλοῖα
682 207 783 286 τύφειν
801 205 917 268 καπνόν·

111 301 179 366 τούς
188 299 212 360 δ’
223 299 385 380 ἐπιχωρίους
399 298 540 377 ἰδομένους
551 295 603 357 τόν
612 295 718 357 καπνόν
727 297 795 356 ἰέναι
808 299 854 355 ἐπὶ
866 294 919 371 την

114 387 278 448 θάλασσαν·
306 386 353 445 καὶ
384 386 479 445 ἔπειτα
504 384 568 445 ἀντὶ
591 387 646 444 τῶν
668 384 791 460 φορτίων
811 382 919 461 χρυσόν

114 475 228 545 τιθέναι,
248 475 294 533 καὶ
309 473 505 551 ἐξαναχωρέειν
520 471 622 549 πρόσω
639 471 696 531 οἷπδ
715 475 770 532 τοῖν
786 472 918 548 φορτίων·

114 561 181 626 τούς
196 562 226 621 δέ
244 561 453 640 Καρχηδονίους
467 559 605 636 ἐκβάντας
618 560 803 620 σκέπτεσθαι·
825 557 918 636 καὶῆν

115 650 168 726 μέν
194 648 330 725 φαίνηταί
355 653 412 723 σφι
433 647 510 717 ἄξιος
530 646 547 707 ὁ
571 647 679 724 χρυσός
704 650 759 707 τοῖν
788 646 919 723 φορτίων,

116 736 286 813 ἀπελόμενοι
295 735 542 808 ἀπαλλάσσονται,
555 733 590 810 ἢν
600 735 630 794 δέ
640 734 680 812 μὴ
689 735 773 804 άξιος,
784 734 922 811 ἐσβάντες

116 824 208 884 όπίσω
229 829 257 888 ἐς
277 824 314 885 τά
334 827 424 884 πλοῖα
444 823 585 882 κατέαται·
615 824 642 880 οί
662 823 692 880 δὲ
715 821 923 898 προσελθόντες

117 911 209 972 ἄλλον
229 912 299 990 πρός
318 911 356 973 ὧν
377 913 479 988 ἔθηκαν
497 909 617 989 χρυσόν,
638 914 665 972 ἐς
685 906 717 968 οὗ
738 906 772 968 άν
792 909 920 970 πείθωσι·

118 999 235 1061 άδικέειν
249 1001 279 1060 δὲ
298 1000 466 1077 οὐδετέρους·
486 997 551 1058 οὐτε
564 997 619 1080 γάρ
635 995 735 1060 αὐτούς
746 999 797 1056 τοῦ
813 1000 924 1076 χρυσοῦ

117 1085 259 1148 ἅπτεσθαι
268 1089 335 1165 πρὶν
347 1085 382 1148 άν
396 1093 453 1162 σφι
462 1085 596 1164 α’πισωθῇ
603 1088 640 1164 τῇ
650 1083 714 1164 άξίη
725 1088 781 1145 τιῖν
792 1084 922 1162 φορτίων,

119 1173 176 1234 οὐτ’
187 1177 306 1238 ἐκείνους
315 1179 370 1234 τῶν
380 1175 504 1252 φορτίων
514 1173 656 1234 ἅπτεσθαι
665 1171 800 1251 πρότερον
812 1171 831 1248 ἢ
846 1171 924 1234 αὐτοὶ

118 1262 153 1323 τό
163 1264 284 1341 χρυσίον
297 1261 425 1337 λάβωσι.

162 1348 250 1410 Οὗτοι
266 1349 319 1427 μέν
340 1354 395 1408 εἶσι
409 1347 475 1412 τούς
490 1347 571 1425 ἡμεῖς
589 1349 690 1426 ἔχομεν
707 1344 823 1422 Λιβύων
842 1344 902 1406 ὀνο·
913 1346 970 1404 197

118 1437 221 1515 μάσαι·
245 1437 292 1497 καὶ
311 1436 416 1496 τούτων
433 1439 460 1496 οἱ
475 1436 583 1495 πολλοὶ
597 1433 738 1511 βασύιέος
752 1436 804 1493 τοῦ
820 1432 926 1508 Μήδων

121 1523 187 1585 οὐτε
197 1551 225 1584 τι
238 1528 286 1586 νῖν
300 1523 364 1585 οὐτε
376 1524 440 1585 τότε
455 1521 619 1601 ἐφρόντιζον
632 1520 721 1582 οὐδέν·
741 1519 830 1581 τόσον
843 1520 872 1579 δέ
885 1521 925 1580 ἐτι

122 1613 177 1692 ἔχω
191 1617 277 1673 εἰπεῖν
289 1612 353 1689 περὶ
366 1615 417 1688 τῆς
428 1610 521 1691 χάρης
533 1609 644 1686 ταύτης,
655 1608 698 1670 ὅτι
711 1609 836 1685 τέσσερα
846 1608 926 1670 ἔθνεα

122 1699 235 1776 νέμεται
247 1698 334 1776 αὐτὴν
347 1699 393 1759 καὶ
406 1699 438 1760 οὐ
451 1699 529 1759 πλέω
538 1697 650 1779 τρύτων,
662 1695 733 1759 ὅσον
746 1695 826 1775 ἡμεῖς
838 1696 925 1774 ἴδμεν·

122 1788 171 1847 καὶ
182 1787 219 1848 τοὶ
231 1790 284 1865 μὲν
301 1787 351 1849 δύο
365 1787 523 1867 αὐτόχθονα
540 1790 596 1847 τοῖν
610 1786 716 1856 ἐθνέων,
729 1784 766 1846 τά
779 1785 808 1845 δέ
822 1784 871 1844 δύο
885 1782 926 1844 οὐ.

123 1876 229 1951 Λίβυες
241 1878 293 1953 μὲν
306 1876 352 1934 καὶ
365 1876 497 1939 Αἰθίοπες
513 1874 690 1953 αὐτόχθονες,
705 1876 731 1933 οἱ
744 1874 796 1950 μέν
808 1872 845 1933 τά
858 1872 928 1950 πρύς

122 1963 217 2040 βορέω
237 1966 265 2022 οἱ
285 1963 315 2021 δέ
333 1961 370 2021 τὰ
388 1960 460 2038 πρός
480 1960 563 2021 νότου
582 1964 633 2035 τῆς
653 1959 764 2034 Λιβύης
784 1959 926 2023 οἰκέοντες·

123 2050 292 2113 Φοίνικες·δέ
307 2050 354 2109 καὶ
368 2048 509 2124 Ἕλληνες
527 2046 673 2122 ἐπήλυδες.
704 2046 804 2104 Δοκέει
816 2045 848 2105 δέ
859 2072 908 2122 μοι
919 2049 976 2106 19ὲὶ

124 2136 182 2197 οὐδ’
203 2136 304 2214 ἀρετ-ην
327 2136 400 2195 εἶναί
418 2160 460 2200 τις
483 2134 502 2210 ἡ
523 2132 620 2210 Λιβύη
643 2132 791 2208 σπουδαίη,
814 2131 888 2193 ὥστε
910 2131 929 2209 ἢ

123 2219 210 2304 Ἀσίη
223 2223 241 2300 ἢ
254 2222 376 2302 Εὐρώπη
392 2222 623 2300 παραβληθῆναι,
637 2220 714 2297 πλὴν
727 2220 852 2283 Κίνυπος
864 2221 930 2297 μού-

125 2337 183 2389 νης·
203 2313 237 2373 τό
253 2311 309 2392 γάρ
326 2311 360 2387 δὴ
377 2310 445 2371 αὐτό
464 2308 571 2385 ούνομα
583 2308 602 2385 ἡ
615 2334 653 2389 γη
666 2312 706 2387 τῷ
725 2310 844 2386 ποταμῷ
861 2309 929 2387 ἔχει·

126 2398 197 2477 αὐτη
217 2400 248 2460 δέ
268 2398 352 2476 ὁμοίη
377 2402 414 2477 τῇ
434 2396 538 2476 ἀρίστη
558 2400 630 2478 γεῶν
651 2395 802 2475 Δήμητρος
825 2396 932 2473 καρπόν

128 2489 264 2566 ἐκφέρειν,
277 2486 339 2547 οὐδὲ
350 2486 409 2547 οἶκε
419 2484 499 2546 οὐδὲν
507 2488 544 2565 τῇ
554 2482 631 2564 άλλη
641 2484 747 2564 Λιβύη·
760 2481 933 2566 μελάγγαιός

127 2600 159 2638 τε
177 2575 233 2657 γάρ
253 2580 323 2649 ἐστι,
345 2574 392 2635 καῖ
411 2573 527 2651 ἐπυδρος
544 2573 648 2643 πίδαξι·
677 2572 723 2632 καὶ
739 2571 803 2633 ούτε
819 2571 931 2652 αὐχμοῦ

128 2666 320 2742 φροντίζουσα
336 2662 424 2738 οὐδὲν,
439 2660 503 2722 οὐτε
518 2660 631 2737 ὄμβρον
646 2661 723 2720 πλέω
737 2664 843 2721 πιοῦσα
857 2659 933 2735 δεδή·

130 2755 224 2827 ληται·
252 2752 330 2813 ὕεται
349 2751 407 2833 γὰρ
430 2748 465 2826 δὴ
488 2753 577 2810 ταῦτα
598 2752 649 2823 τῆς
671 2746 793 2823 Λιβύης·
822 2749 877 2807 τιῖν
903 2747 933 2807 δέ

131 2840 268 2916 ἐκφορίων
279 2842 330 2899 τοῦ
340 2842 449 2916 καρποῦ
461 2836 550 2899 ταύτά
562 2836 651 2913 μίτρα
663 2838 700 2913 τῇ
713 2834 884 2913 Βαβυλωνίῃ
893 2838 932 2915 γῇ

132 2926 305 2985 κατίσταται.
354 2925 446 3006 α’γαθὴ
474 2926 503 2984 δέ
529 2928 568 3004 γῆ
596 2924 642 2982 καὶ
666 2922 719 2998 την
746 2922 934 3000 Εὐεσπερῖται

132 3015 271 3090 νέμονται·
306 3012 348 3072 ἐπ’
373 3013 511 3073 ἑκατοστὰ
536 3012 600 3093 γάρ,
631 3010 714 3071 ἐπεάν
739 3008 809 3087 αὐτὴ
835 3014 934 3086 ἑωυτῆς

133 3100 237 3180 ἅριστα
261 3101 358 3180 ἐνείκη,
386 3101 507 3178 ἐκφέρει·
541 3099 561 3176 ἦ
588 3100 618 3159 δέ
641 3104 671 3161 ἐν
693 3103 728 3178 τῇ
752 3100 864 3169 Κίνυπι,
890 3098 935 3158 ἐπὶ

132 3187 291 3267 τριηκόσια.
320 3186 403 3266 Ἔχει
418 3188 448 3248 δέ
468 3185 548 3263 καὶὴ
566 3188 710 3265 Κυρηναίη
727 3185 815 3267 χάρη,
829 3186 982 3247 ἐούσα199

133 3274 299 3355 ὑψηλοτάτη
327 3274 429 3351 ταύτης
458 3279 509 3350 τῆς
538 3274 649 3353 Λιβύης
676 3274 728 3351 τὴν
752 3277 779 3336 οἱ
805 3273 936 3352 Νομάδες
