2150 3500
176 74 226 121 ιιι
482 73 663 124 Ἡυοιουοι
915 15 1022 145 Π

177 151 257 227 εὔρέα
283 152 424 231 Αἶμιπτός
450 157 521 212 ε’στι.
561 152 678 227 Πέφυκε
703 152 756 230 μέν
781 177 830 214 νυν
853 151 874 228 ἦ
900 153 997 237 χώρη

150 231 250 308 9αότη
270 230 347 291 οὕτω.
390 231 446 292 άπδ
468 232 497 292 δὲ
518 232 720 296 Ἡλιουπόλισς
741 237 768 296 ές
786 231 895 308 Θήβας,
922 235 998 296 ἔστι

176 319 317 383 ἀνάπλοος
337 319 414 379 ε’ννέα
429 319 563 397 ἡμερέων·
584 319 695 380 στάδιοι
710 319 741 380 δὲ
756 324 807 396 τῆς
822 319 897 392 όδοΰ,
923 321 996 399 ἐξῆ-

178 434 262 467 κοντα
285 408 331 465 καὶ
354 405 515 467 ὀκτακόσιοι
536 407 583 466 καὶ
604 408 834 486 τετρακισχίλιοι,
855 409 995 487 σχοίνων

178 494 238 558 ἑνός
258 494 304 554 καὶ
324 493 482 575 ὀγδώκοντα
503 493 610 556 ἐόντων.
646 491 724 555 οὗτοι
739 495 939 573 συντιθέμενοι
963 501 995 558 οἱ

174 582 285 642 στάδιοι
300 581 450 663 Αἰγύπτου
478 580 512 642 τό
527 584 580 660 μὲν
597 580 675 659 παραὶ
692 580 845 643 θάλασσαν
862 581 920 660 ἤδη
936 611 994 662 μοι
1018 615 1022 623 ·

178 670 223 728 καὶ
236 669 371 747 πρότερον
386 668 538 745 δεδήλωται
556 667 600 732 ότι
616 669 767 739 ἑξακοσίων
781 671 814 732 τέ
831 675 895 731 ε’στι
911 698 992 733 στα-

177 758 241 818 δίων
257 758 304 816 καὶ
320 756 494 836 τρισχιλίων·
528 755 598 818 ὅσον
615 758 647 817 δέ
660 783 688 819 τι
708 757 764 818 άπδ
781 758 938 836 θαλάσσης
961 767 991 826 ἐς

177 845 334 926 μεσόγαιαν
353 846 437 924 μέχρι
457 845 575 921 Θηβέων
595 844 665 916 ε’στὶ,
690 845 831 923 σημανέω·
867 847 991 909 στάδιοι

177 932 232 1013 γάρ
250 938 305 992 εἰσι
323 933 413 991 εἴκοσι
429 933 475 991 καὶ
493 932 591 993 ἑκατόν
608 933 654 993 καὶ
670 933 867 1013 ἑξακισχίλιοι·
893 934 933 995 τό
957 935 989 996 δὲ

176 1019 233 1079 α’πδ
259 1021 378 1097 Θηβέων
404 1025 432 1084 ές
456 1019 660 1097 Ἐλεφαντίνην
686 1022 858 1099 καλεομένην
879 1021 986 1097 Ιπόλιν,

177 1109 287 1170 στάδιοι
306 1109 396 1188 χίλιοι
416 1108 462 1168 καὶ
480 1107 644 1169 όκτακόσιοί
663 1113 727 1168 εἶσι.

130 1199 167 1256 10
216 1196 324 1272 Ταότης
337 1195 374 1256 ὧν
391 1200 442 1271 τῆς
454 1195 547 1275 χώρης
558 1199 610 1271 τῆς
626 1197 769 1273 εἲρημέιης
781 1193 800 1272 ἡ
812 1196 922 1274 πολλὴ,
935 1225 985 1259 κα-

178 1285 266 1364 τάπερ
281 1289 309 1345 οἱ
327 1285 396 1361 ἱρέες
409 1285 515 1365 έλεγσν,
529 1283 621 1343 ἐδόκεε
637 1284 667 1344 δὲ
689 1285 735 1343 καὶ
748 1283 821 1364 αὐτῷ
836 1309 888 1361 μοι
909 1286 984 1347 εἶναι

178 1376 323 1449 ἐπίκτητος
340 1372 530 1452 Αἶγιηττίσισι.
570 1375 625 1431 τῶν
644 1371 699 1453 γάρ
713 1370 814 1448 οὐρέων
830 1375 887 1432 τών
907 1377 983 1452 εἷρη

174 1463 329 1538 μένωντῶν
341 1459 410 1536 όπὲρ
423 1458 544 1534 Μέμφιν
563 1458 648 1520 πόλιν
669 1460 799 1536 κειμένων
818 1458 851 1520 τό
872 1463 983 1537 μεταξι)

178 1547 308 1624 ἐφαίνετό
328 1573 379 1624 μοι
400 1547 472 1606 εἶναί
488 1570 553 1606 κοτε
575 1545 681 1611 κόλπος
702 1545 860 1624 θαλάσσης,
882 1546 982 1628 ὥσπερ

175 1635 213 1696 τά
224 1662 255 1696 τε
267 1635 331 1712 περὶ
345 1633 436 1693 Ἴλιον
449 1633 495 1692 καὶ
507 1633 677 1712 Τευθρανίην
690 1634 737 1694 καὶ
745 1633 873 1710 Ἔφεσόν
885 1661 918 1696 τε
933 1639 981 1698 καὶ

178 1722 341 1803 Μαιάνδρου
353 1721 457 1795 πεδίον,
477 1719 512 1785 ὦς
525 1749 559 1804 γε
572 1721 642 1784 εἶναι
661 1721 768 1801 σμικρά
782 1727 871 1784 ταῦτα
890 1725 979 1808 μεγά-
1052 1792 1053 1796 Ἰ

175 1818 255 1880 λοισι
265 1811 450 1890 συμβαλέειν·
470 1810 589 1892 τῶνγὰρ
598 1816 687 1872 ταῦτα
697 1810 734 1872 τά
745 1811 834 1891 χωρία
845 1838 978 1893 πρόσχω
1051 1830 1052 1854 ¹

175 1900 284 1961 σάντων
309 1903 451 1977 ποταμῶν,
475 1899 515 1959 ἑνὶ
536 1902 593 1959 τών
617 1898 767 1977 στομάτων
791 1904 842 1959 τοῦ
868 1900 978 1961 Νείλου
1049 1890 1051 1970 ,ό

175 1988 269 2052 ἐόντος
293 1985 498 2065 πενταστόμου,
526 1985 614 2051 οὐδεὶς
643 1986 734 2047 αὐτῶν
760 1985 885 2062 πλήθεος
910 1991 976 2068 περὶ
1047 2000 1049 2084 J

175 2075 252 2146 άξιος
264 2075 471 2154 συμβληθῆναί
482 2078 553 2134 ε’στι.
583 2074 639 2134 εἶσὶ
652 2074 681 2133 δὲ
695 2074 741 2133 καὶ
754 2072 840 2134 ἄλλοι
852 2079 975 2153 ποταμοὶ
1045 2090 1047 2145 λ

176 2164 209 2225 οὗ
227 2165 298 2225 κατὰ
317 2164 367 2225 τόν
388 2166 495 2223 Νεῖλον
514 2160 604 2224 ἐόντες
618 2160 751 2243 μεγάθεα,
774 2161 803 2220 οἵ
817 2187 890 2226 τινες
905 2163 974 2245 ἔργα

173 2252 376 2330 ι’ποδεξάμενοι
397 2249 510 2331 μεγάλα
534 2250 600 2310 εἰσί·
629 2254 684 2311 τῶν
710 2249 763 2331 ἐγώ
790 2249 901 2327 φράσαι
920 2253 973 2331 έχω

176 2340 325 2417 οὐνόματα,
340 2340 386 2398 καὶ
406 2338 502 2398 ἄλλων
515 2338 562 2397 καὶ
583 2336 633 2398 οὐκ
653 2337 757 2413 ἥκιστα
770 2337 923 2417 Ἀχελάου·
943 2340 972 2404 ὃς

174 2429 243 2504 ῥέων
265 2426 299 2486 δι’
318 2426 499 2504 Ἀκαρνανίης
522 2427 569 2485 καὶ
592 2426 671 2495 ἐξιεὶς
694 2430 723 2490 ε’ς·
745 2426 898 2487 θάλασσαν
916 2430 967 2489 τών

173 2513 324 2594 Ἐχινάδων
336 2510 430 2589 νήσων
437 2513 487 2576 τάς
499 2512 620 2590 ἡμίσεας
632 2512 685 2590 ἤδη
698 2512 814 2592 ἤπειρον
828 2514 970 2590 πεποίηκε.

131 2600 255 2662 ΙῙἜστι
265 2602 296 2661 δὲ
307 2606 357 2678 τῆς
366 2601 504 2678 Ἀραβίης
516 2600 617 2680 χώρης,
630 2601 773 2683 Αίγθιιτου
783 2601 813 2661 δὲ
823 2600 857 2661 οὗ
866 2601 969 2679 πρόσω,

177 2690 282 2753 κόλπος
295 2689 445 2766 θαλάσσης
457 2689 562 2768 ε’σέχων
575 2694 606 2749 ἐκ
623 2693 674 2765 τῆς
693 2687 828 2767 Ἐρυθρῆς
840 2693 968 2768 καλεομέ-

173 2805 222 2855 νης
243 2778 402 2854 θαλάσσης,
414 2776 521 2855 μακρός
543 2775 613 2837 οὕτω
634 2776 669 2853 δή
689 2802 717 2836 τι
738 2777 784 2836 καὶ
805 2776 912 2841 στεινός
935 2778 968 2842 ώς

174 2868 291 2946 ἔρχομαι
311 2865 439 2945 φράσων·
469 2868 560 2942 μῆκος
581 2868 633 2941 μὲν
656 2863 756 2934 πλόου,
778 2862 919 2944 ἀρξαμένῳ
939 2871 967 2926 έκ

172 2958 265 3034 μυχοῦ
285 2954 457 3014 διεκπλῶσαι
470 2957 497 3015 ἐς
514 2952 566 3028 τὴν
587 2951 683 3028 εὗρέην
699 2951 859 3023 θάλασσαν,
871 2952 967 3031 ἡμέραι
1022 2981 1026 2990 ·

172 3041 384 3119 ἀναισιμοῦνται
403 3038 611 3115 τεσσεράκοντα
628 3040 733 3117 εἰρεσίῃ
754 3041 908 3120 χρεωμένῳ·
927 3041 964 3102 εὖ·
1022 3077 1025 3088 ·

170 3154 220 3204 ρος
238 3129 276 3199 δὲ,
288 3134 325 3207 τῇ
345 3125 492 3204 εὖρότατός
512 3130 574 3184 ε’στι
595 3124 611 3184 ό
633 3126 746 3195 κόλπος,
759 3125 848 3203 ἥμισυ
868 3128 965 3205 ἡμέρης

173 3213 274 3275 πλόου·
301 3216 387 3294 ῥηχίη
407 3212 431 3273 δ’
450 3216 480 3272 έν
501 3209 574 3289 αι’πῷ
594 3211 641 3272 καὶ
660 3212 784 3293 ἄμπωτις
801 3213 856 3276 α’νιὶ
875 3220 964 3279 πᾶσαν
