2150 3500
152 97 184 144 ιο
358 82 360 86 ’
457 98 640 148 Ἦοοιουου
918 95 965 162 [1.
1057 80 1059 115 ¹

151 170 335 250 ἀτιμάζεσθαι
352 173 422 253 πρός
439 174 658 252 Πεισιστράτω·
678 172 751 256 ἀργῇ
770 174 809 245 δέ,
827 173 863 238 ῶς
879 173 963 253 εἶχε,

152 261 369 324 καταλλάσσετο
381 262 433 339 τὴν
443 263 546 342 ἔχθρην
554 266 631 322 τοῖσι
640 261 827 340 στασιῶιησι.
851 261 963 339 μαθῶν

152 348 182 408 δέ
202 348 218 408 ἀ
239 351 446 428 Πεισίστρατος
464 349 501 410 πά
520 349 670 426 ποιεόμενα
689 349 731 408 ἐπ’
748 353 843 428 ἐοκιτῷ,
858 347 961 408 ἀπαλ-

152 435 280 498 λάσσετο
296 442 327 498 ἐκ
344 443 395 514 τῆς
413 438 505 518 χώρης
520 437 555 498 τδ
573 437 714 516 παράπαν·
735 436 902 514 ἀπικόμενος
924 437 960 496 δὲ

152 529 180 588 ἐς
191 522 334 602 Ἐρέτριαν,
351 525 518 602 ἐβουλεύετο
536 524 596 603 ἅμα
611 529 687 586 τοῖσι
704 526 797 585 παισί.
837 524 958 584 Ἱππίεω

152 611 183 672 δὲ
197 611 294 694 γνώμῃ
306 613 479 690 νικήσαντος,
493 612 668 695 ἀνακτᾶσθαι
683 611 776 673 ὀπίσω
790 611 842 689 τήν
853 637 957 690 τυραν-

151 699 221 770 νίδα,
235 701 352 760 ἐνθαῦτα
364 699 475 782 ἤγειρον
485 699 598 764 δωτίνας
611 705 642 760 ἐκ
651 704 706 759 τῶν
713 701 827 769 πολίων,
837 700 870 758 αἵ
879 700 957 764 τινές

64 822 68 828 ·
152 795 210 864 σφι
231 789 386 867 προηδέατο
409 788 459 849 κού
479 814 517 848 τι·
543 791 659 849 πολλῶν
679 788 709 848 δέ
727 786 840 869 μεγάλα
861 813 957 863 παρα-

154 875 280 954 σχόντων
297 875 436 955 χρήματα,
449 877 573 952 Θηβαῖοι
587 875 798 952 ὑπερεβάλοντο
814 879 852 955 τῇ
872 874 958 936 δόσεῐ

150 967 206 1023 τῶν
227 963 386 1042 χρημάτων.
425 964 497 1040 μετοὶ
519 963 558 1034 δέ,
581 962 614 1023 οὐ
634 967 734 1043 πολλῷ
755 962 833 1044 λόγῳ
856 966 955 1035 εἰπεῖν,

151 1049 252 1130 χρόνος
264 1043 347 1127 διέφυΙ
355 1051 401 1111 καὶ
410 1049 501 1112 πάντα
513 1057 570 1128 σφι
582 1050 713 1132 ἐξήρτυτο
724 1055 751 1114 ἐς
762 1050 815 1127 τὴν
824 1049 955 1112 κάτοδον·

143 1137 259 1219 ,καὶγὰρ
266 1137 387 1220 Ἀργεῖοι
394 1139 530 1216 μισθωτοὶ
538 1129 671 1199 ἀπίκοντο
679 1143 710 1197 ἐκ
717 1136 955 1214 Πελοποννήσου·

151 1226 197 1286 καὶ
210 1225 315 1296 Νάξιός
326 1232 383 1303 σφι
398 1225 467 1303 ἀνὴρ
485 1225 636 1309 ἀπιγμένος
652 1224 806 1302 ἐθελοντὴς,
818 1229 857 1306 τῷ
873 1224 955 1288 οὕνο-

150 1339 192 1390 μα
203 1312 239 1390 ἦν
253 1313 403 1396 Λύγδαμις,
416 1315 573 1391 προθυμίην
584 1313 722 1390 πλείστην
733 1313 891 1392 παρείχετο,
904 1339 955 1375 κο-

100 1401 143 1466 ,62
151 1403 238 1479 μίσος
258 1402 305 1463 καὶ
322 1401 455 1480 χρήματα
474 1402 520 1460 καὶ
539 1395 648 1478 ἀνδρας.
688 1400 740 1471 Ἐξ
759 1399 900 1478 Ἐρετρίης
918 1402 955 1463 δὲ

151 1487 381 1567 ὁρμηθέντες-διά
391 1487 533 1550 ἑνδεκάτου
546 1488 620 1552 ἐτεος
629 1486 762 1550 ἀπίκοντο
772 1487 874 1549 ἀπίσω.
903 1491 954 1550 καὶ

150 1581 260 1653 πρῶτον
267 1581 318 1652 τῆς
330 1575 457 1652 Ἀττικῆς
468 1576 586 1654 ἴσχουσι
598 1577 770 1653 Μαραθῶνα·
784 1581 814 1636 ἐν
823 1576 853 1636 δέ
862 1577 953 1657 τούτῳ

151 1667 191 1742 τῷ
212 1663 293 1743 χώρῳ
314 1670 372 1740 σφι
395 1663 717 1741 στρατοπεδευομένοισι,
740 1664 771 1724 οἶ
789 1689 821 1724 τε
844 1669 875 1724 ἐκ
898 1669 953 1726 τοῦ

150 1750 251 1816 ἄστεος
265 1756 421 1813 στασιῶται
436 1751 568 1813 ἀπίκοντο
582 1751 670 1812 ἀλλοι
686 1776 719 1813 τε
736 1758 767 1814 ἐκ
783 1757 839 1813 τῶν
855 1752 953 1830 δήμων

150 1842 322 1917 προσέρρεον
339 1840 398 1900 οἶσι
416 1839 437 1916 ἦ
455 1841 581 1917 τυραννὶς
599 1840 655 1919 πρδ
672 1841 828 1919 ἐλευθερίης
846 1840 882 1917 ἦν
896 1842 952 1903 ἀσ-

151 1928 334 2007 παστότερον.
375 1925 452 1990 οὗτοι
466 1928 569 2011 μὲνδὴ
584 1930 776 2004 συνηλίζοντο·
795 1928 952 2005 Ἀθηναίων

151 2016 181 2077 δὲ
199 2020 227 2077 οἱ
242 2022 273 2076 ἐκ
287 2019 338 2077 τοῦ
354 2014 462 2086 άστεος,
477 2016 526 2079 ἔως
540 2019 593 2093 μὲν
606 2016 813 2093 Πεισίστρατος
826 2016 864 2077 τά
880 2018 951 2096 χρή-

151 2131 227 2182 ματα
238 2104 340 2187 ἤγειρε,
351 2104 397 2163 καὶ
409 2106 538 2181 μεταῦτις
551 2104 587 2167 ἀς
599 2105 667 2183 ἔσχε
679 2105 848 2182 Μαραθῶνα,
861 2104 952 2187 λόγον

152 2192 249 2255 οὐδένα
261 2193 347 2273 εἶχον·
364 2192 427 2253 ἐπεί
435 2216 466 2253 τε
479 2191 509 2251 δὲ
522 2190 657 2253 ἐπόθοντο
669 2196 701 2252 ἐκ
712 2196 764 2252 τοῦ
776 2192 951 2269 Μαραθῶνος

151 2280 235 2343 αὐτόν
251 2280 419 2359 πορεόεσθαι
439 2280 485 2340 ἐπὶ
503 2278 537 2341 τό
555 2278 636 2349 ἀστυ,
653 2278 724 2340 οὕτω
742 2277 776 2356 δὴ
793 2281 951 2356 βοηθέουσι

151 2368 193 2429 ἐπ’
210 2368 303 2429 αὐτόν.
323 2368 370 2427 καὶ
387 2365 466 2427 οὗτοί
479 2392 511 2427 τε
527 2372 703 2446 πανστρατιῇ
715 2366 801 2444 ἤϊσαν
819 2369 866 2428 ἐπὶ
884 2369 951 2434 τοῶς

151 2455 304 2519 κατιόντας·
320 2456 367 2515 καὶ
380 2458 407 2515 οἶ
419 2452 494 2532 ἀμφὶ
507 2454 724 2531 Πεισίστρατον,
736 2454 772 2519 ῶς
783 2454 952 2533 ἀρμηθένπες

151 2550 183 2605 ἐκ
196 2544 368 2621 Μαραθῶνος
376 2541 461 2619 ἤϊσαν
471 2543 518 2603 ἐπὶ
528 2542 563 2603 τδ
575 2540 657 2614 άστυ,
668 2548 696 2607 ἐς
707 2542 796 2605 τῶυτδ
809 2545 951 2609 συνιόντες

151 2631 325 2692 ἀπικνέονται
349 2630 395 2691 ἐπὶ
422 2630 604 2707 Παλληνίδος
627 2628 776 2708 Ἀθηναίης
807 2631 875 2709 ίράν,
902 2634 951 2693 καὶ

150 2718 231 2781 ἀντία
249 2720 342 2780 ἔθεντο
360 2717 397 2779 τοὶ
416 2716 501 2779 ὅπλα·
522 2718 641 2779 ἐνθαῦτα
663 2719 724 2799 θείη
743 2723 845 2798 πομπῇ
863 2721 951 2799 χρεῶ-

150 2831 233 2885 μενος
244 2808 414 2885 παρίσταται
427 2804 625 2886 Πεισιστράτῳ
636 2804 811 2883 Ἀμφίλυτος
821 2807 837 2867 ἀ
849 2806 950 2885 Ἀκαρ-

150 2895 208 2967 νάν,
221 2893 421 2977 χρησμολόγος
439 2893 517 2971 ἀνὴρ,
536 2892 567 2957 ὅς
583 2896 610 2952 οἱ
627 2892 753 2970 προσιῶν
768 2898 826 2973 χρᾷ
842 2898 872 2955 ἐν
889 2895 951 2965 ἐξα-

150 2985 241 3063 μέτριρ
253 2982 332 3062 τόνῳ,
344 2982 410 3043 τάδε
421 2982 521 3062 λέγων·

194 3089 322 3151 Ἔρφιπται
338 3084 360 3135 δ’
376 3086 389 3135 δ
404 3087 485 3149 βόλος,
502 3086 532 3132 τδ
549 3085 575 3132 δὲ
591 3084 684 3131 δίκτυον
701 3083 891 3134 ἐκπεπέτασται·
916 3143 918 3152 γ

200 3162 275 3207 θύννοι
292 3160 312 3208 δ’
330 3159 455 3218 οἰμήσουσι
471 3156 598 3215 σεληναίης
614 3156 654 3203 διὰ
664 3156 753 3204 νυκτός.

105 3244 185 3305 63Ὁ
207 3246 258 3319 μὲν
275 3243 309 3317 δή
329 3246 357 3302 οἱ
374 3240 507 3312 ἐνθεάζων
524 3244 582 3319 χρᾷ
597 3238 672 3301 τάδε·
693 3242 900 3319 Πεισίστρατος
920 3242 953 3305 δὲ
