2150 3500
179 114 212 162 ιιι
484 111 670 163 Ἢυοοουοι
956 109 1004 178 [1.

177 192 353 269 ἀναισιμώθη
376 192 423 251 καί
442 191 475 252 τδ
495 195 589 270 τεῖχος
608 191 702 253 ὅντινα
721 189 828 269 τρόπον
848 189 1003 272 ἔργαστο.

177 279 347 357 ὀρύσσοντες
362 278 420 355 ἅμα
434 278 487 355 τήν
499 279 609 356 τάφρον
623 277 785 339 ἐπλίνθευον
796 277 850 353 τὴν
862 283 924 358 γῆν
938 279 999 362 τήν

177 373 208 428 ἐκ
220 373 271 428 τοῦ
283 366 441 448 ὀρύγματος
456 368 654 444 ἐκφερομένην,
672 365 840 430 ἑλκύσαντες
855 367 887 425 δὲ
902 369 995 428 πλίν-

178 457 244 519 θους
264 455 359 519 ἰκανιίς
378 454 513 531 ὤπτησαν
532 454 618 519 αύτάς
636 460 665 515 ἐν
684 455 836 530 καμίνοισι·
856 455 938 532 μετά
952 457 993 526 δὲ,

176 545 295 622 τέλματι
315 542 468 622 χρεόμενοι
487 541 629 622 ἀσφάλτῳ
652 543 751 620 θερμῇ,
773 541 819 601 καὶ
839 541 887 603 διά
906 542 993 620 τριή-

178 658 262 693 κοντα
279 631 370 709 δόμων
387 632 507 692 πλίνθου
523 632 646 708 ταρσούς
664 631 797 708 καλάμων
814 630 991 706 διαστοιβά-

176 722 276 792 ζοντες,
297 721 406 797 ἔδειμαν
425 723 524 797 πρῶτα
544 722 596 797 μέν
616 724 666 796 τῆς
684 717 795 796 τάφρου
816 717 853 779 τά
872 719 989 798 χείλεα,

176 807 291 885 δεύτερα
308 808 339 866 δέ
355 807 423 868 αύτά
442 807 475 868 τδ
488 812 582 887 τεῖχος
593 807 644 868 τάν
656 806 740 868 αύτδν
751 807 867 885 τρόπον·
889 807 989 868 ἐπάνω

176 896 207 954 δέ
219 899 269 955 τοῦ
281 897 387 974 τείχεος
399 893 476 970 παρά
488 894 524 956 πά
537 897 652 974 ἔσχατα,
664 894 801 972 οἰκήματα
812 895 988 972 μουνόκωλα

177 983 286 1060 ἔδειμαν
307 985 484 1061 τετραμμένα
504 989 533 1048 ἐς
555 982 680 1059 ἄλληλα·
703 982 738 1044 τό
758 983 848 1061 μέσον
871 983 902 1042 δέ
928 988 988 1045 τῶν

176 1069 332 1147 οἰκημάτων
349 1072 446 1131 ἔλιπον
465 1072 608 1152 τεθρίππῳ
625 1071 799 1151 περιέλασιν.
839 1069 935 1131 πύλαι
957 1072 987 1132 δὲ

176 1163 308 1219 ἐνεστᾶσι
326 1160 409 1235 πέριξ
425 1164 476 1220 τοῦ
493 1160 600 1238 τείχεος
616 1158 721 1230 ἐκατάν,
738 1158 859 1238 χάλκεαι
876 1164 984 1231 πᾶσαι,

176 1247 223 1306 καὶ
249 1249 374 1325 σταθμοί
385 1274 428 1308 τε
452 1249 498 1308 καὶ
520 1246 663 1325 ύπέρθυρα
689 1247 828 1310 ὦσαύτως.
864 1249 930 1308 ἐστι
955 1249 985 1308 δέ

176 1335 254 1413 άλλη
273 1337 357 1400 πόλις
376 1336 524 1416 ἀπέχουσα
540 1335 612 1396 όκτυί
626 1335 750 1413 ἡμερέων
765 1335 832 1396 όδδν
847 1334 905 1396 ἀπό
926 1335 983 1396 Βα-

175 1425 314 1499 βυλῶνος·
335 1423 379 1488 Ἲς
399 1424 504 1500 οὔνομα
525 1422 605 1502 αύτῇ·
627 1424 692 1483 ἔνθα
713 1424 776 1483 ἐστὶ
798 1423 929 1501 ποταμός
949 1425 983 1484 ού

174 1512 272 1592 μέγας·
292 1511 335 1574 Ἲς
352 1512 451 1590 καὶτῷ
467 1515 584 1590 ποταμῷ
601 1510 634 1571 τδ
651 1510 765 1588 οὕνομα·
787 1510 934 1588 ἐσβάλλει
951 1514 981 1573 δέ
1057 1563 1058 1566 ι

176 1596 257 1662 οὗτος
273 1605 301 1662 ἐς
317 1598 367 1659 τόν
379 1598 534 1677 Εύφρήτην
549 1597 678 1677 ποταμόν
693 1599 726 1659 τό
735 1599 862 1682 Ιῥέεθρον.
897 1599 981 1666 οὗτος

177 1684 215 1746 ὧν
227 1687 244 1748 ό
256 1685 298 1752 Ἲς
310 1686 436 1764 ποταμός
448 1686 507 1766 ἅμα
519 1691 559 1767 τῷ
573 1686 652 1748 ὕδατι
666 1685 810 1766 θρόμβους
823 1685 979 1765 ἀσφάλτου

177 1773 302 1834 ἀναδιδοῖ
312 1775 449 1840 πολλούς·
469 1776 548 1837 ένθεν
559 1774 578 1853 ἡ
591 1776 741 1853 ἀσφαλτος
754 1781 781 1839 ἐς
792 1774 826 1836 τό
840 1781 869 1836 ἐν
882 1780 979 1854 Βαβυ·
1056 1816 1057 1837 ι

129 1864 187 1922 180
195 1867 265 1923 λῶνι
283 1868 376 1942 τεῖχος
395 1864 543 1941 ἐκομίσθη.
576 1865 739 1943 Τετείχιστο
754 1864 806 1941 μέν
820 1889 870 1925 νυν
886 1865 904 1941 ἡ
922 1873 976 1926 Βα-

174 1951 273 2026 βυλιδν
297 1951 390 2032 τρόπῳ
415 1952 521 2031 τοιῷδε.
570 1952 631 2012 ἐστι
656 1952 687 2011 δὲ
711 1951 761 2012 δύο
786 1950 902 2029 φάρσεα
926 1958 977 2031 τῆς

175 2039 284 2104 πόλιας·
311 2040 345 2101 τδ
364 2040 420 2123 γάρ
442 2042 533 2118 μέσον
555 2040 640 2116 αύτῆς
660 2040 785 2118 ποταμός
806 2041 916 2121 διέργει,
938 2047 976 2121 τῷ
1055 2086 1056 2091 ,

176 2126 281 2208 ούνομά
301 2134 363 2191 ἐστι
381 2129 543 2207 Εὐφρήτης.
583 2130 640 2207 ῥέει
660 2128 691 2188 δέ
711 2130 741 2199 ἐξ
759 2128 911 2207 Ἀρμενίων
927 2129 975 2190 ἐιίν

175 2218 263 2299 μέγας
284 2219 330 2278 καί
351 2218 443 2295 βαθύς
462 2218 509 2277 καὶ
527 2216 624 2297 ταχύς·
645 2218 711 2287 ἐξίει
730 2218 761 2278 δέ
780 2215 860 2281 οὗτος
880 2223 908 2281 ἐς
924 2218 974 2293 την
1054 2267 1055 2293 ,

175 2304 314 2384 Ἐρυθρὴν
325 2305 487 2366 θάλασσαν.
522 2305 557 2365 τό
571 2305 608 2365 ὧν
621 2305 655 2382 δὴ
668 2309 761 2385 τεῖχος
773 2304 901 2383 ἑκάτερον
912 2308 973 2371 τούς

175 2390 301 2471 ἀγκῶνας
313 2398 341 2455 ἐς
352 2392 402 2453 τάν
413 2392 542 2469 ποταμόν
555 2393 700 2468 ἐλήλαται·
720 2394 753 2454 τδ
767 2394 797 2453 δέ
809 2392 865 2455 ἀπό
877 2394 972 2456 τούτου

174 2477 216 2559 [αἰ
230 2479 395 2562 ἐπικαμπαὶ]
417 2480 497 2558 παρά
513 2484 610 2560 χεῖλος
630 2482 758 2561 ἑκάτερον
776 2486 828 2542 τοῦ
846 2488 971 2560 ποταμοῦ
1053 2480 1054 2489 ¹

175 2566 296 2643 αἱμασιὴ
315 2568 439 2627 πλίνθων
458 2568 566 2629 ὀπτέων
586 2571 755 2649 παρατείνει.
795 2570 829 2631 τό
851 2571 881 2630 δέ
902 2570 971 2633 ἀστυ

176 2652 253 2726 αύτά,
267 2656 313 2715 εἰίν
328 2659 436 2733 πλῆρες
448 2657 554 2718 οἰκιέων
565 2658 728 2736 τριωρόφων
740 2685 772 2719 τε
785 2659 832 2718 καί
844 2658 970 2737 τετρωρό·

178 2748 246 2818 φων,
267 2744 471 2823 κατατέτμηται
489 2744 540 2809 τοίς
559 2746 639 2810 ὁδούς
655 2748 747 2819 ἰθείας,
766 2746 816 2811 τάς
834 2772 867 2807 τε
884 2746 970 2811 ἄλλας

176 2831 222 2890 καὶ
241 2830 291 2895 τοίς
309 2833 474 2911 ἐπικαρσίας
491 2833 543 2898 τάς
563 2836 609 2895 ἐπὶ
627 2834 677 2895 τόν
698 2835 825 2913 ποταμόν
845 2834 967 2914 ἐχούσας.

177 2919 248 2979 κατά
267 2920 302 2997 δι)
318 2920 356 2981 ὧν
375 2921 496 2998 ἐκάστην
515 2922 581 2983 ὁδόν
601 2928 630 2983 ἐν
649 2926 685 3000 τῇ
705 2926 825 3003 αἱμασιῇ
844 2926 882 3002 τῇ
898 2923 969 2999 παρά

175 3006 225 3067 τάν
246 3007 373 3085 ποταμδν
392 3010 506 3073 πυλιδες
525 3014 642 3085 ε’πῆσαν,
664 3009 732 3069 ὅσαι
752 3001 804 3088 περ
822 3014 851 3070 αἰ
873 3014 967 3088 λαῦραι

176 3100 313 3155 τοσαῦται
331 3095 459 3173 ἀριθμόν·
481 3096 556 3172 ἦσαν
572 3096 603 3155 δέ
619 3098 664 3155 καὶ
682 3095 764 3157 αὗται
778 3097 905 3177 χάλκεαι,
922 3099 965 3174 φέ-

129 3184 296 3258 181ρουσαι
308 3184 355 3242 καὶ
367 3184 448 3243 αύταὶ
461 3188 488 3246 ἐς
501 3182 586 3243 αύτδν
597 3184 646 3242 τόν
656 3184 792 3261 ποταμόν.
822 3189 911 3245 Τοῦτο
920 3187 967 3262 μέν
1030 3198 1037 3213 ’
1050 3187 1051 3199 ’

176 3268 210 3343 δι)
229 3269 263 3330 τδ
282 3274 376 3349 τεῖχος
394 3270 488 3349 θώρηξ
506 3270 580 3328 ἐστί·
601 3269 694 3348 ἕτερον
713 3271 744 3331 δὲ
763 3272 867 3333 ἔσωθεν
882 3276 966 3352 τεῖχος
