2150 3500
195 131 227 178 ις
500 133 683 183 Ἧοοιοποτ
967 129 1008 194 [1.

196 209 291 286 Μῆδοι
311 212 374 272 ἐπεί
389 237 421 272 τε
440 212 513 274 εἶδον
532 211 618 274 νύκτα
636 212 699 273 ἀντὶ
717 211 823 290 ῆμέρης
837 210 1004 292 γινομένην,

193 301 244 374 τῆς
258 299 351 379 μάχης
369 325 401 360 τε
418 300 585 371 ἐπαύσαντο,
606 301 654 360 καὶ
671 299 785 377 μόλλόν
803 325 832 358 τι
853 300 1006 359 ἔσπευσαν

194 386 241 446 καὶ
265 387 422 466 ἀμφότεροι
447 387 557 466 εἰρήνην
580 391 707 448 ἑωυτοῖσι
731 387 873 468 γενέσθαι.
915 390 948 446 οἱ
971 387 1005 446 δέ

194 474 431 551 συμβιβάσαντες
451 475 552 539 αύτούς
571 475 646 552 ἦσαν
667 475 734 534 οἶδε·
762 474 908 539 Συέννεσίς
927 500 964 534 τε
983 473 1003 534 6

194 562 283 632 Κίλιξ
294 564 341 624 καὶ
354 563 522 641 Λαβύνητος
537 563 553 624 6
567 562 758 640 Βαβυλώνιος·
779 558 859 622 οὗτοί
873 568 930 639 σφι
949 563 1001 622 καὶ

193 648 227 710 τό
244 649 338 727 ὅρκιον
354 655 381 712 οἱ
399 651 573 715 σπεύσαντες
588 651 721 733 γενέσθαι
738 649 814 727 ῆσαν
832 650 879 709 καὶ
895 648 999 731 γάμων

194 737 359 821 ἐπαλλαγὴν
368 740 513 817 ἐποίησαν·
529 737 685 798 Ἃλυάττεα
697 737 753 819 γοὶρ
764 739 888 820 ἔγνωσαν
898 738 997 798 δοῦναι

192 825 245 902 τῆν
253 827 391 908 θυγατέρα
399 826 529 904 Ἀρύηνιν
535 824 686 909 Ἀστυάγεϊ
695 829 733 904 τῆ
743 825 895 903 Κυαξάρεω
904 826 995 886 παιδί.

192 911 257 973 ἄνευ
268 913 324 995 γάρ
337 912 488 996 ἀναγκαίης
504 917 623 993 ἰσχυρῆς
639 912 801 990 συμβάσιες
814 913 929 993 ἰσχυραὶ
942 913 995 973 ούκ

192 1001 324 1061 ἐθέλουσι
346 1002 506 1079 συμμένειν.
547 1001 627 1079 ὅρκια
650 1001 681 1061 δέ
702 1001 826 1061 ποιέεται
847 1005 936 1061 ταῦτα
956 1000 1008 1061 τό

192 1088 320 1148 ἐθνεα’
283 1115 320 1149 τα
331 1114 384 1167 περ
397 1114 429 1150 τε
439 1088 588 1198 Ελληνες·
609 1089 656 1149 καὶ
671 1088 743 1166 πρός
759 1088 893 1157 τούτοισι,
909 1089 995 1150 ἐπεάν

190 1173 256 1240 τούς
273 1178 459 1257 βραχίονας’
445 1177 632 1254 επιτιίμωνται
651 1183 680 1241 ἐς
698 1174 751 1253 τῆν
769 1175 942 1304 όμοχροιίην,
957 1176 993 1237 τό

192 1263 263 1340 αιμα
274 1264 612 1345 άνολείχουσιάλλῆλων.
649 1309 655 1319 ·

145 1350 184 1413 75
233 1356 338 1414 Τοῦτον
350 1352 419 1429 δῆ’
399 1380 437 1415 ων
448 1353 498 1414 τόν
510 1351 670 1435 Ἀστυάγεα
682 1350 825 1430 Κῦρος,’
795 1378 876 1414 εοντα
889 1355 993 1413 eum-01⁶2

191 1441 400 1519 μητροπάτορα,
416 1440 679 1519 καταστρεψάμενος
697 1441 765 1519 ἔσχε
782 1439 815 1499 δι’
833 1441 924 1516 αἰτίην
938 1440 993 1517 τῆν

193 1528 246 1609 ἐγώ
265 1533 295 1592 ἐν
311 1534 388 1588 τοῖσι
405 1527 497 1588 όπίσω
514 1526 630 1609 λύγοισι
649 1528 789 1604 σημανέω·
809 1527 846 1588 τὰ
865 1533 994 1604 Κροῖσος

193 1615 418 1694 ἐπιμεμφόμενος
429 1620 468 1694 τῷ
481 1614 573 1694 Κύρῳ,
584 1616 612 1678 ἐς
623 1640 655 1676 τε
666 1616 703 1676 τά
712 1614 873 1694 χρηστήρια
885 1617 993 1693 ἔπεμπε

192 1706 217 1763 εἶ
233 1702 417 1782 στρατεύηται
438 1703 483 1764 ἐπὶ
500 1703 624 1780 Πέρσας,
641 1703 688 1764 καὶ
707 1702 742 1781 δῆ
759 1703 805 1763 καὶ
821 1702 993 1783 οἷπικομένου

191 1795 323 1872 χρησμοῦ
333 1791 471 1870 κιβδήλου
482 1792 603 1856 ἐλπίσας
611 1791 682 1869 πρός
692 1795 792 1852 ἑωυτοῦ
800 1792 851 1854 τόν
858 1794 994 1872 χρησμόν

192 1879 270 1949 εἶναι,
288 1879 467 1958 ἐστρατεύετο
487 1885 515 1943 ἐς
533 1879 586 1955 τῆν
601 1880 736 1957 Περσέων
752 1882 863 1957 μοῖραν.
904 1880 941 1944 ώς
959 1882 992 1942 δὲ

191 1965 307 2028 ἀπίκετο
320 1969 365 2027 ἐπὶ
376 1967 525 2029 τδνἈλυν
536 1966 665 2044 ποταμόν
677 1966 693 2027 6
707 1970 840 2044 Κροῖσος,
852 1966 886 2028 τό
899 1969 991 2029 ἐνθεῦ-

190 2080 245 2126 τεν,
267 2054 302 2121 ὦς
322 2058 375 2134 μέν
395 2055 449 2137 ἐγώ
471 2056 555 2137 λέγω,
575 2053 646 2115 κατοὶ
668 2053 719 2119 τὰς
742 2054 843 2119 ἐούσας
865 2055 991 2136 γεφύρας

190 2143 343 2220 διεβίβασε
356 2143 407 2206 τόν
420 2142 551 2222 στρατόν·
571 2142 608 2205 οἷς
624 2142 654 2201 δὲ
668 2141 686 2203 6
701 2141 811 2205 πολλός
825 2142 912 2224 λόγος
924 2142 991 2203 Ἐλ-

191 2232 290 2307 λῆνων,
301 2236 398 2309 Θαλῆς
407 2235 435 2292 οἱ
447 2231 464 2295 6
474 2229 619 2307 Μιλησίας
631 2230 792 2306 διεβίβασε.
822 2228 991 2307 ἀπορέοντος

190 2319 245 2401 γοὶρ
270 2321 396 2398 Κροίσου
419 2317 488 2381 ὅκως
511 2322 539 2377 οἷ
562 2316 730 2393 διαβήσεται
752 2315 803 2377 τόν
825 2316 953 2394 ποταμόν
972 2319 990 2379 6

191 2405 320 2483 στρατός,
333 2406 378 2486 (ού
389 2406 445 2487 γὰρ
458 2404 493 2480 δῆ
510 2403 582 2465 εἶναί
595 2430 634 2463 κω
649 2409 749 2465 τοῦτον
760 2404 810 2465 τόν
822 2402 926 2484 χρόνον
939 2405 991 2469 τοὶς
1056 2445 1057 2452 1

189 2492 314 2575 γεφύρας
326 2491 447 2574 ταύτας,)
460 2492 574 2572 λέγεται
585 2490 724 2569 παρεόντα
735 2491 786 2552 τόν
798 2495 896 2567 Θαλῆν
910 2496 940 2552 ἐν
952 2497 992 2572 τῷ
1056 2495 1057 2500 ’

190 2582 378 2660 στρατοπέδῳ,
388 2584 507 2656 ποιῆσαι
520 2578 593 2657 αύτῷ
602 2579 651 2639 τόν
660 2578 789 2656 ποταμόν
799 2579 830 2649 ἐξ
841 2578 991 2658 ἀριστερῆς

189 2668 282 2750 χειρός
294 2668 394 2746 ῥέοντα
406 2672 456 2728 τοῦ
469 2670 593 2744 στρατοῦ
606 2667 652 2725 καὶ
665 2672 695 2725 ἐκ
706 2666 795 2742 δεξιῆς
808 2666 889 2744 ῥέειν·
910 2673 990 2743 ποιῆ-

190 2780 241 2815 σαι
263 2755 294 2815 δέ
320 2752 381 2815 ὧδε·
408 2753 511 2816 ἄνωθεν
536 2758 588 2814 τοῦ
611 2752 988 2831 στρατοπέδουάρξάμενον,

189 2841 310 2923 διώρυχα
321 2844 431 2920 βαθέην
443 2842 577 2920 ὀρύσσειν
590 2841 695 2922 ἄγοντα
707 2841 861 2917 μηνοειδέα,
875 2840 945 2905 ὅκως
956 2841 990 2902 ἂν

188 2930 222 2991 τό
240 2930 431 3008 στρατόπεδον
447 2931 591 3008 ἱδρυμένον
607 2927 677 2988 κατά
694 2928 781 2988 νώτου
796 2927 886 3005 λάβοι
902 2929 990 3009 ταύτῃ

189 3019 261 3080 κατά
286 3019 338 3096 τῆν
360 3018 480 3097 διώρυχα
507 3015 709 3094 ἐκτραπόμενος
735 3020 766 3075 ἐκ
791 3020 846 3076 τῶν
868 3015 990 3095 σ’ρχαίων

188 3108 315 3183 ῥεέθρων,
330 3107 377 3166 καὶ
394 3104 471 3168 αὖτις
487 3101 732 3180 παραμειβόμενος
747 3102 781 3163 τό
799 3103 989 3180 στρατόπεδον

190 3198 218 3255 ἐς
235 3193 269 3252 ταὶ
285 3193 390 3272 σ’ρχαῖα
405 3190 558 3267 ἐσβάλλοι·
579 3188 661 3257 ὥστε,
675 3190 737 3248 ἐπεί
751 3214 783 3248 τε
801 3192 848 3248 καὶ
865 3192 988 3269 ἐσχίσθη

188 3278 310 3358 τάχιστα
322 3280 339 3339 6
352 3278 487 3356 ποταμός,
500 3274 648 3354 οἶμφοτέρη
662 3275 798 3352 διαβατός
810 3276 929 3358 ἐγένετο.
946 3281 989 3338 ὀἶ
