2150 3500
92 148 233 214 ιιι-ιω]
432 148 567 201 emm.
841 150 889 205 οτι

89 231 302 307 Βαβυλωνίοισι
328 229 459 307 Ζώπυρος
480 231 533 289 ’καὶ
556 231 736 311 στρατάρχης
757 256 790 292 τε
813 229 894 295 οὗτός

88 326 146 395 σφι
166 320 212 379 καὶ
227 317 404 398 τειχοφύλαξ
423 318 605 395 ἀπεδέδεκτο..
640 318 822 397 Προσβολήν
841 319 940 381 δὲ158
997 334 999 338 ’
1044 319 1045 336 ’

91 408 222 485 Δαρείου·
235 406 305 467 κατά
326 406 362 466 τά
384 406 553 487 συγκείμενα
573 408 746 484 ποιευμένου,
758 407 841 484 πέριξ
858 407 892 467 τά

90 499 194 574 τεῖχος,
208 496 327 556 ἐνθαῦτα
341 493 375 570 δή
389 492 481 553 πάντα
494 494 547 554 τάν
557 493 642 555 δόλον
658 494 675 554 ὅ
691 494 822 575 Ζώπυρος
837 495 892 565 ε’ξέ·

89 588 183 659 φαινε·
212 586 239 642 οἶ
260 584 313 660 μὲν
332 580 389 664 γάρ
412 581 592 657 Βαβυλώνιοι
613 582 769 659 ἀναβάντες
792 582 839 642 ἐπὶ
858 581 893 643 τό

88 675 190 749 τεῖχος,
210 670 349 746 ἠμύνοντο
371 668 425 745 τήν
445 670 567 746 Δαρείου
588 669 723 746 στρατιήν
742 668 893 748 προσβάλ-

88 761 209 819 λουσαν·
230 758 246 818 ὁ
262 758 293 817 δὲ
309 756 440 836 Ζώπυρος
453 757 502 821 τάς
517 783 550 817 τε
566 758 692 821 Κισσίας
708 759 754 817 καὶ
769 758 893 834 Βηλίδας

89 846 261 922 καλεομένας
278 845 371 908 πάλας
389 843 576 915 ἀναπετάσας,
593 849 678 922 ε’σῆκε
694 845 760 909 τούς
777 846 894 923 Πέρσας

90 937 118 995 ἒς
135 933 169 993 τά
190 937 292 1012 τεῖχος·
316 936 371 993 τῶν
391 932 421 992 δὲ
439 933 628 1009 Βαβυλωνίων
648 932 675 993 οἳ
695 935 748 1011 μὲν
769 933 842 994 εἶδον
858 932 892 994 τδ

88 1022 206 1096 ποιηθὲν
226 1020 303 1082 οὗτοι
322 1022 441 1101 ἔφευγον
462 1025 490 1085 ε’ς
509 1024 562 1081 τοῦ
580 1020 650 1086 Διδς
669 1026 721 1082 τοῦ
742 1020 839 1098 Βήλου
857 1020 892 1082 τὸ

90 1109 159 1184 ἱρδν,
171 1109 197 1169 οἳ
208 1110 238 1169 δὲ
248 1108 297 1169 οὐκ
309 1109 382 1169 εἶδον
393 1110 488 1186 έμενον
496 1113 526 1169 έν
534 1112 571 1187 τῇ
582 1113 682 1169 ἑωυτοῦ
691 1108 755 1179 τάξι
766 1111 893 1181 ἕκαστος,

90 1200 119 1259 ἐς
132 1195 149 1255 ὃ
162 1196 196 1273 δή
211 1198 258 1256 καὶ
271 1195 348 1257 οὗτοι
362 1197 466 1273 ἔμαθον
478 1197 686 1273 προδεδομένοι.

131 1284 273 1360 Βαβυλών
299 1284 352 1361 μέν
379 1310 428 1345 νυν
444 1283 525 1344 ὀὕτω
550 1284 585 1344 τό
613 1282 739 1363 δεάτερον
765 1285 939 1361 αἶρέθη.159

90 1376 211 1450 Δαρεῖος
223 1373 253 1432 δὲ
267 1373 329 1432 ε’πεί
338 1398 370 1432 τε
383 1370 520 1449 ε’κράτησε
532 1376 589 1431 τῶν
602 1372 799 1448 Βαβυλωνίων,
809 1376 893 1432 τοῦτο

88 1461 144 1537 μέν
157 1467 253 1537 σφεων
265 1460 298 1521 τά
311 1463 404 1538 τεῖχος
420 1463 543 1536 περιεῖλε
559 1460 606 1518 καὶ
622 1459 674 1524 τάς
689 1458 782 1523 πάλας
798 1458 893 1524 πάσας

90 1546 253 1609 ἀπέσπασε·
274 1548 307 1609 τὸ
322 1548 378 1629 γάρ
391 1546 527 1626 πρότερον
541 1546 612 1607 ἑλών
628 1550 722 1625 Κῦρος
733 1547 785 1622 τὴν
797 1548 892 1624 Βαβυ-

90 1639 169 1697 λῶνα
183 1637 299 1714 ἐποίησε
310 1634 415 1697 τούτων
428 1634 582 1713 οὐδέτερον·
602 1639 686 1697 τοῦτο
702 1636 732 1695 δὲ
745 1636 761 1696 ἀ
775 1640 893 1714 Δαρεῖος

88 1727 146 1785 τῶν
158 1722 265 1802 ἀνδρῶν
277 1723 342 1789 τοῦς
355 1724 523 1804 κορυφαίους
535 1722 667 1802 μάλιστα
680 1729 708 1788 ἐς
719 1723 893 1804 τρισχιλίους

89 1811 310 1882 ἀνεσκολόπισε,
322 1814 399 1874 τοῖσι
417 1811 448 1871 δὲ
459 1815 589 1872 λοιποῖσι
602 1813 813 1888 Βαβυλωνίοισι
826 1811 892 1871 ἀπέ·

90 1899 161 1960 δωκε
180 1899 233 1976 τήν
252 1900 337 1961 πόλιν
357 1900 463 1960 οἰκέειν.
498 1899 533 1962 οἷς
553 1899 577 1960 δ’
598 1900 694 1970 ἕξουσι
712 1903 844 1981 γυναῖκας
864 1903 891 1960 οἶ

90 1987 273 2065 Βαβυλώνιοι
289 1988 333 2048 ἵνα
345 1995 403 2064 σφι
414 1987 496 2069 γένεα
509 1986 683 2067 ἀπογένηται,
696 1986 763 2046 τάδε
776 1992 894 2064 Δαρεῖος

88 2076 213 2153 προϊδών
226 2077 351 2153 ἐποίησε·
366 2076 417 2139 τάς
429 2074 484 2156 γάρ
498 2078 612 2146 ἑωυτῶν,
626 2073 663 2138 οἷς
676 2075 722 2133 καὶ
734 2074 794 2134 κατ’
804 2073 893 2154 ἀρχάς

89 2165 252 2241 δεδήλωνται,
267 2165 420 2235 ἀπέπνιξαν
433 2167 459 2223 οἱ
473 2162 653 2240 Βαβυλώνιοι
668 2166 719 2222 τοῦ
732 2163 813 2222 σίτου
826 2187 894 2239 προ·

90 2254 230 2330 ορέωντες·
252 2252 367 2323 ἐπέταξε
379 2257 456 2312 τοῖσι
471 2251 640 2328 περιοίκοισι
658 2251 751 2310 ἔθνεσι
762 2253 895 2331 γυναῖκας

90 2346 121 2404 ἐς
134 2342 294 2417 Βαβυλῶνα
308 2339 478 2409 κατιστάναι,
489 2337 561 2403 ὅσας
573 2338 608 2413 δή
620 2333 766 2399 ἑκάστοισι
779 2336 892 2397 ε’πιτάσ-

90 2455 153 2490 σων
170 2428 242 2490 ὥστε
259 2430 342 2490 πέντε
359 2427 498 2507 μυριάδων
514 2427 549 2488 τά
570 2427 755 2504 κεφαλαίωμα
773 2430 829 2488 τών
842 2452 892 2508 γυ-

89 2521 193 2578 ναικών
206 2518 340 2593 συνῆλθε·
362 2521 392 2576 έκ
405 2514 523 2576 τουτέων
538 2515 569 2575 δὲ
586 2519 641 2577 τῶν
653 2519 789 2598 γυναικῶν
801 2518 828 2575 οἱ
844 2518 893 2575 νῦν
913 2508 915 2514 ¹

90 2603 272 2680 Βαβυλώνιοι
284 2603 429 2686 γεγόνασι.

136 2692 267 2771 Ζωπύρου
281 2694 310 2753 δὲ
327 2691 414 2755 οὐδεὶς
430 2689 616 2773 ἀγαθοεργίην
629 2693 764 2769 Περσέων
778 2690 873 2768 άπερε-
883 2693 940 2750 160

89 2780 203 2857 βάλετο
219 2779 296 2858 παρά
310 2780 419 2858 Δαρείῳ
432 2782 521 2859 κριτῇ,
536 2777 599 2839 οὔτε
616 2782 672 2839 τῶν
686 2778 805 2855 ὕστερον
816 2803 893 2859 γενο-

89 2869 183 2947 μένων
196 2867 268 2929 ·οι”πε
290 2873 346 2929 τῶν
367 2866 504 2945 πρότερον
527 2865 571 2926 ὅτι
595 2864 636 2941 μή
663 2868 759 2941 Κῦρος
780 2868 892 2940 μοῦνος·

89 2954 181 3035 τούτῳ
196 2956 251 3038 γάρ
270 2955 359 3020 οάδεὶς
377 2955 511 3031 Περσέων
527 2951 634 3029 ήξίωσέ
647 2978 686 3012 κω
704 2949 804 3011 ἕωυτδν
823 2976 894 3027 συμ-

87 3044 220 3123 βαλέειν.
247 3043 388 3107 πολλάκις
398 3041 428 3102 δέ
438 3044 558 3119 Δαρεῖον
567 3040 681 3120 λέγεται
689 3037 804 3120 γνώμην
812 3038 894 3114 τήνδε

89 3130 293 3202 ἀποδέξασθαι,
307 3130 344 3195 ώς
355 3128 492 3207 βούλοιτο
507 3126 543 3188 ἀν
555 3126 688 3205 Ζώπυρον
701 3125 770 3185 εἶναι
786 3124 896 3184 ἀπαθέα

87 3223 144 3295 τῆς
157 3217 275 3295 ἀεικείης
288 3213 438 3296 μᾶλλον,ἣ
451 3214 627 3290 Βαβυλῶνάς
640 3217 666 3274 οἶ
678 3214 768 3274 εἴκοσι
780 3210 850 3289 πρδς
859 3237 895 3289 τῃ

89 3304 181 3384 εὀθση
194 3304 413 3386 προσγενέσθαι.
449 3302 565 3379 ἐτίμησε
581 3301 613 3361 δέ
627 3328 676 3379 μιν
690 3300 829 3383 μεγάλως·
850 3298 897 3357 καὶ
