2150 3500
81 125 193 188 αο-οι]
307 131 310 136 ·
374 126 600 178 mmmmm.
838 129 884 174 ιιι

83 203 132 259 καὶ
146 202 266 282 ὀλίγους,
281 203 316 266 (ῦς
330 201 438 268 Σκύθας
456 204 534 264 εἶναι.
574 205 693 266 τοσόνδε
707 207 802 282 μέντοι
820 206 885 265 ὀπέ-

83 288 187 363 φαινάν
210 315 260 365 μοι
282 295 309 352 ε’ς
332 289 406 367 ὄψιν·
431 292 492 350 ἔστι
513 290 618 367 μεταξῦ
642 291 832 368 Βορυσθένεός
854 319 885 352 τε

83 379 214 452 ποταμοῦ
241 377 288 435 καὶ
313 375 443 442 Ὑπάνιος
469 383 568 457 χῶρος,
590 378 696 456 οῦνομα
719 379 750 440 δέ
772 380 802 438 οϊ
822 385 893 454 ἐστι,

82 463 266 540 Ἐξαμπαῖος
286 468 338 524 τοῦ
351 466 397 524 καὶ
409 465 495 547 ὀλίγῳ
508 493 536 526 τι
549 466 683 544 πρότερον
699 466 801 526 τούτων
816 465 883 544 μνή-

81 578 142 628 μην
162 552 247 630 εἶχον,
262 552 386 630 φάμενος
407 558 436 612 ἔν
455 553 528 632 αύτῷ
548 554 651 632 κρήνην
670 552 768 617 ύδατος
782 559 883 630 πικροῦ

85 639 166 709 εἶναι,
184 638 232 698 ἀπ’
249 638 283 715 ἧς
296 639 329 700 τῦ
342 639 414 716 ὕδωρ
432 639 571 718 ἅπορρέον
583 641 633 701 τόν
648 639 768 702 Ὕπανιν
780 640 885 701 ἄποτον

83 729 198 787 ποιέειν.
227 732 256 787 ε’ν
268 727 356 808 τούτῳ
368 732 407 806 τῷ
419 728 499 808 χάριρ
513 730 603 788 κέεται
615 728 761 807 χαλκήϊον,
769 728 885 809 μεγάθεϊ

85 816 133 873 καὶ
143 816 315 892 ἑξαπλήσιον
322 820 372 876 τοῦ
383 816 428 875 ε’πϊ
436 817 614 892 στύματιτοῦ
623 816 734 875 Πόντου
742 821 884 893 κρητῆρος,

83 902 136 962 τόν
156 904 320 980 Παυσανίης
340 903 359 964 ά
377 903 586 981 Κλεομβρότου
605 903 729 978 ἀνέθηκε·
751 903 781 966 ιϊς
798 904 833 962 δὲ·
844 904 884 980 μή

85 989 143 1048 εἶδέ
151 1016 190 1048 κω
198 995 305 1064 τοῦτον,
315 989 367 1050 ὧδε
377 991 504 1067 δηλιύσω·
519 991 679 1061 ἑξακοσίοις
692 990 836 1067 ἀμφορέας
844 992 885 1050 εύ-

84 1078 188 1141 πετέως
200 1079 298 1156 χωρέει
311 1078 344 1139 τῦ
358 1083 387 1139 ἔν
400 1079 527 1158 Σκύθησι
539 1078 686 1158 χαλκήϊον.
707 1079 797 1156 πάχος
810 1079 840 1138 δὲ
849 1078 882 1141 τό

85 1164 224 1228 Σκυθικόν
237 1171 319 1241 τοῦτο
329 1166 467 1245 χαλκήϊύν
477 1172 539 1226 ε’στι
549 1165 691 1226 δακτύλων
702 1167 740 1236 ἔξ·
754 1170 837 1226 τοῦτο
848 1165 885 1227 ὧν

85 1252 185 1334 ἔλεγον
194 1257 220 1313 οἶ
231 1253 373 1332 ε’πιχαϊριοι
380 1253 437 1313 άπδ
447 1253 547 1331 α’ρδίων
556 1254 697 1335 γενέσθαι·
710 1253 885 1329 βουλόμενον

83 1340 199 1421 γάρτῦν
207 1344 347 1419 σφέτερον
353 1342 532 1420 βασιλέα,τῷ
541 1340 645 1418 οὕνομα
653 1340 884 1416 εἶναιἈριαντιϊν,

85 1432 187 1489 τοῦτον
199 1430 298 1490 εἰδέναι
310 1429 343 1490 τῦ
356 1430 466 1504 πλῆθος
477 1434 532 1490 τῶν
551 1430 685 1498 Σκυθέων,
700 1428 821 1488 κελεύειν
837 1455 885 1506 μιν

85 1515 192 1581 πάντας
206 1518 314 1583 Σκύθας
328 1517 406 1595 ἄρδιν
424 1517 544 1578 ἕκαστον
560 1518 628 1594 μίαν
645 1515 701 1576 οἷπῦ
719 1520 770 1577 τοῦ
787 1515 885 1578 ὀϊστοῦ

86 1605 213 1679 κομίσαι·
227 1605 257 1668 ὃς
270 1605 293 1664 δ’
307 1604 341 1665 ἂν
352 1603 393 1682 μή
407 1605 521 1683 κομίσῃ,
534 1605 656 1666 θάνατον
669 1603 790 1663 άπεϊλεε·
808 1630 885 1680 κομι-

86 1692 194 1767 σθῆναί
203 1718 234 1753 τε
247 1693 281 1769 δή
294 1697 391 1773 χρῆμα
403 1693 516 1755 πολλῦν
528 1691 636 1771 ἀρδίων,
652 1693 701 1753 καί
716 1695 743 1752 οἱ
762 1691 839 1763 δόξαι
856 1693 887 1765 ἐξ

86 1779 190 1839 αότέων
202 1780 383 1857 μνημόσυνον
395 1780 547 1856 ποιήσαντι
559 1782 704 1841 λιπέσθαι·
725 1786 755 1841 ἐκ
768 1782 885 1841 τουτέων

86 1866 124 1942 δή
135 1893 184 1942 μιν
196 1868 229 1928 τῦ
244 1868 381 1947 χαλκήϊον
396 1873 515 1944 ποιήσαι
530 1874 622 1943 τοῦτο,
637 1870 683 1927 καὶ
702 1868 843 1929 άναθεῖναι
856 1874 883 1932 ές

57 1954 137 2015 κτῦν
148 1954 321 2033 Ἐξαμπαῖον
332 1961 440 2017 τοῦτον.
474 1960 563 2016 ταῦτα
575 1956 609 2031 δή
622 1958 686 2031 περὶ
699 1960 749 2015 τοῦ
762 1954 886 2031 πλήθεος

85 2046 137 2101 τοῦ
159 2044 286 2107 Σκυθέων
304 2041 415 2118 ἤκουον.
456 2042 610 2118 Θωυμάσια
630 2043 660 2101 δὲ
678 2042 698 2116 ή
718 2042 796 2121 χάρη
816 2042 885 2119 αὕτη
894 2047 931 2103 82
982 2044 985 2049 ’

87 2128 139 2190 ούκ
154 2133 218 2210 ἔχει,
233 2131 317 2211 χωρϊς
328 2129 347 2207 ἦ
360 2131 403 2191 ὅτι
416 2130 559 2206 ποταμούς
569 2154 601 2189 τε
614 2133 714 2207 πολλῷ
725 2132 883 2207 μεγίστους,

86 2220 133 2278 καὶ
147 2218 266 2297 α’ριθμόν
278 2219 438 2282 πλείστους·
459 2217 476 2277 ὃ
489 2218 519 2277 δὲ
533 2216 736 2293 ἀποθαυμάσαι
749 2214 827 2285 άξιαν
840 2219 885 2277 καὶ

85 2306 176 2384 πάρεξ
194 2311 250 2367 τῶν
269 2310 403 2382 ποταμῶν
424 2306 471 2365 καὶ
491 2309 541 2365 τοῦ
562 2303 700 2383 μεγάθεος
718 2306 770 2363 τοῦ
789 2304 885 2365 πεδίου

85 2389 245 2473 παρέχεται,
269 2394 418 2471 εἰρήσεται
439 2395 516 2473 ἴχνος
534 2392 690 2470 Ἡρακλέος
710 2392 842 2468 φαίνουσι
855 2396 885 2453 έν

85 2482 175 2558 πέτρη
193 2482 275 2554 ὲνεῦν,
290 2483 324 2542 τῦ
343 2481 401 2540 οἶκε
418 2484 471 2557 μὲν
485 2480 595 2557 βήματι
611 2478 717 2558 α’νδρός,
731 2480 834 2541 ἔστιδὲ
851 2480 884 2542 τῦ

84 2568 209 2647 μέγαθος
228 2570 339 2648 δίπηχυ,
354 2569 430 2645 παρά
446 2568 496 2628 τῦν
512 2569 605 2645 Τύρην
624 2568 760 2646 ποταμόν.
801 2573 884 2629 τοῦτο

85 2655 138 2731 μέν
151 2681 200 2715 νυν
214 2656 325 2715 τοιοῦτό
343 2662 415 2716 ε’στι.
454 2655 640 2732 ἀναβήσομαι
659 2656 689 2715 δὲ
708 2661 737 2719 ἐς
755 2654 805 2717 τῦν
825 2656 884 2716 κατ’

85 2741 176 2821 άρχάς
187 2741 236 2819 ήϊα
247 2744 335 2813 λέξων
347 2743 442 2824 λόγον.

127 2832 416 2908 Παρασκευαζομένου
433 2830 554 2907 Δαρείου
572 2830 619 2890 ε’πὶ
635 2830 699 2894 τοῦς
711 2828 828 2903 Σκύθας,
840 2830 885 2889 καὶ
894 2833 932 2890 83

86 2920 292 2995 ἐπιπέμποντος
306 2918 445 2999 ἀγγέλους
460 2918 639 2989 έπιταῖοντας
651 2922 727 2978 τοῖσι
738 2920 790 2995 μὲν
801 2917 885 2989 πεζδν

85 3006 211 3084 στρατόν
229 3011 308 3067 τοῖσι
327 3007 358 3065 δὲ
378 3008 441 3071 νέας
460 3008 593 3085 παρέχειν
609 3009 687 3067 τοῖσι
701 3006 731 3065 δὲ
744 3004 886 3085 ζευγνύναι

84 3094 135 3154 τόν
147 3094 280 3171 Θρηίκων
292 3094 452 3171 Βόσπορον,
469 3093 645 3171 Ἀρτάβανος
664 3093 681 3154 ὀ
701 3092 884 3163 Ὑστάσπεος,

85 3180 226 3259 οϊδελφεῦς
239 3182 291 3241 εὀϊν
303 3182 435 3258 Δαρείου,
449 3183 547 3260 ἔχρῃζε
559 3182 692 3259 μηδαμῶς
705 3180 787 3240 αύτῦν
800 3204 885 3257 στρα-

84 3269 167 3345 τηίην
179 3269 227 3329 ἐπὶ
239 3267 349 3334 Σκύθας
361 3268 516 3337 ποιέεσθαι,
525 3270 686 3350 καταλέγων
694 3272 748 3331 τῶν
758 3267 886 3335 Σκυθέων

159 3354 191 3399 ‘25
