2150 3500
149 101 198 149 322
451 95 636 158 ἨΡΟΔΟΤΟΤ
813 113 817 122 ·
844 117 847 134 ¹
881 95 957 160 [IV.

145 184 259 241 ποιεῦσι
270 178 346 240 τάδε·
362 175 514 254 άποταμῶν
527 177 647 241 ἕκαστος
659 175 796 253 κεφαλὴν,
810 174 958 255 ἅπαφέρε.

146 294 193 329 ται
206 273 234 332 ἐς
245 267 282 328 τά
295 267 377 328 οἰκία·
394 267 489 326 ἔπειτα
502 266 549 325 ἐπὶ
562 265 648 335 ξύλου
661 264 788 346 μεγάλου
801 265 958 344 ἀναπείρας

147 359 215 435 ἱστᾷ
229 356 298 433 ύπέρ
311 359 362 430 τῆς
379 355 466 430 οἰκίης
479 353 673 432 ὑπερέχουσαν
686 353 806 424 πολλόν,
819 353 956 430 μάλιστα

146 444 176 503 δὲ
189 443 257 520 ύπὲρ
270 447 321 519 τῆς
335 442 515 519 καπνοδόκης·
536 443 612 518 φασὶ
626 441 656 501 δὲ
672 440 786 505 τούτους
805 443 955 519 φυλάκους

145 537 196 607 τῆς
221 533 308 607 οἰκίης
334 530 429 608 πάσης
454 530 700 609 ὑπεραιωρέεσθαι.
742 530 813 601 ζιῖαι
836 531 869 590 δὲ
891 531 953 592 άπό

99 623 155 680 104
165 620 247 696 ληίης
266 644 297 680 τε
318 620 371 678 καῖ.
380 620 515 696 πολέμου.
550 616 724 699 Ἀγάθυρσοι
742 619 773 678 δὲ
792 617 954 696 ἁβρότατοι

144 705 240 786 ἄνδρες
258 707 322 779 εἰσὶ,
337 708 389 771 καὶ
402 706 581 786 χρυσοφόροι
595 707 632 768 τά
649 707 787 783 μάλιστα·
809 709 954 770 ἐπίκοινον

144 795 175 855 δὲ
186 800 242 856 τῶν
254 800 391 878 γυναικοῖν
403 795 455 870 τὴν
467 796 543 872 μίξιν
556 799 705 865 ποιεῦνται,
721 795 766 856 ἵνα
782 797 955 877 κασίγνητοί

73 947 77 954 ,
143 910 175 943 τε
195 883 330 960 ἀλλήλων
352 885 426 955 ἔωσι,
447 885 493 943 καὶ
513 883 615 958 οἰκήῖοι
635 883 724 946 ἐόντες
744 883 855 954 πάντες,
876 885 952 962 μήτε

195 971 203 991 Ι
226 971 230 978 “
285 971 293 993 Ῑ
309 971 317 990 ’
334 973 346 996 2
395 981 407 992 Μ
463 973 472 995 Ι
573 976 580 995 ἱ
618 970 625 990 3
676 970 684 991 Ι
809 970 817 993 λ
848 970 856 989 9
875 971 888 993 2

144 972 240 1051 φθονῳ
252 998 310 1048 μητ
331 972 407 1050 εχθει
419 997 554 1051 χρεωνται
568 996 595 1034 ες
608 975 760 1047 αλληλους’
781 998 818 1032 τα
831 971 848 1031 δ
869 977 951 1033 αλλα

99 1061 155 1119 105
165 1059 267 1136 νόμαια
277 1059 376 1138 Θρύῖξι
385 1059 649 1138 προσκεχωρήκασι.
676 1061 781 1137 Νευροὶ
792 1060 822 1119 δὲ
831 1060 951 1138 νόμοισι

145 1150 197 1224 μὲν
215 1150 350 1227 χρέωνται
370 1149 543 1213 Σκυθικοῖσι.
584 1151 666 1228 γενεῇ
687 1147 717 1207 δὲ
736 1151 787 1226 μιῇ
807 1148 950 1226 πρότερόν

144 1243 236 1314 σφεας
248 1241 298 1312 τῆς
311 1236 432 1313 Δαρείου
441 1235 655 1312 στρατηλασίης
664 1236 806 1313 κατέλαβε
820 1241 950 1299 ἐκλιπεῖν

144 1325 195 1401 τὴν
206 1325 300 1404 χάρην
308 1328 405 1384 πᾶσαν
414 1323 469 1384 ύπὸ
479 1323 578 1399 ὀφίων·
592 1322 676 1398 ὄφιας
685 1321 740 1404 γάρ
751 1329 808 1400 σφι
818 1326 949 1390 πολλούς

143 1416 196 1489 μὲν
214 1414 234 1490 ἡ
253 1412 331 1494 χάρη
348 1411 488 1488 ἀνέφαινε,
502 1415 529 1472 οἱ
545 1412 575 1471 δέ
590 1415 707 1475 πλεῦνες
723 1409 827 1472 ἄνωθέν
839 1419 897 1490 σφι
914 1418 947 1474 ἐκ

142 1503 198 1561 τοῖν
211 1502 319 1578 ἐρήμων
331 1501 477 1571 ἐπέπεσαν,
488 1499 552 1570 ἐςὸ,
562 1499 729 1576 πιεζόμενοι,
740 1499 859 1576 οἴκησαν
872 1502 947 1578 μετά

143 1589 289 1658 Βουδίνων,
305 1587 357 1663 τὴν
373 1591 478 1648 ἑωυτῶν
495 1587 665 1650 ἐκλιπόντες.
706 1587 896 1648 κινδυνεύουσι
913 1591 947 1650 δὲ

142 1677 169 1734 οἶ
189 1674 329 1752 ἅνθρωποι
344 1672 426 1735 οὗτοι
444 1675 544 1758 γόητες
564 1675 643 1735 εἶναι·
664 1675 795 1757 λέγονται
815 1676 870 1757 γάρ
886 1677 945 1739 ύπδ

143 1764 270 1827 Σκυθέων
288 1763 334 1822 καὶ
353 1762 500 1840 Ἑλλήνων
511 1768 567 1825 τῶν
581 1768 657 1843 ἐντῇ
674 1764 798 1843 Σκυθικῇ
815 1791 945 1843 κατανοη-

140 1852 236 1928 μένων,
250 1851 286 1914 οἷς
298 1852 372 1915 ἐτεας
387 1851 508 1912 ἑκάστου
522 1852 599 1923 ἅπαξ
612 1857 668 1913 τιῖν
688 1857 803 1929 Νευρῶν
824 1854 946 1919 ἕκαστος

140 1941 225 2005 λύκος
247 1941 353 2022 γίνεται
377 1940 483 2018 ἡμέρας
502 1940 609 2021 ὀλίγας,
631 1941 677 2000 καὶ
697 1940 774 2004 αὖτις
794 1940 888 2003 όπίσω
914 1950 944 2007 ἐς

139 2028 228 2089 ταύτὰ
247 2030 421 2091 κατίσταται·
442 2032 491 2107 ἐμὲ
510 2031 563 2107 μέν
582 2056 631 2089 νυν
650 2033 737 2089 ταῦτα
756 2030 888 2111 λέγοντες
907 2034 943 2092 ού

141 2119 281 2179 πείθουσι·
300 2118 419 2199 λέγουσι
436 2118 465 2177 δὲ
483 2116 562 2177 οὐδὲν
576 2115 680 2193 ἧσσον,
695 2117 741 2176 καὶ
759 2116 896 2195 ὀμνύουσι
910 2120 944 2181 δέ

93 2208 151 2264 106
160 2207 301 2287 λέγοντες.
339 2204 529 2287 Ἀνδροφάγοι
549 2206 579 2265 δὲ
599 2204 757 2286 ἀγριώτατα
770 2205 882 2267 πάντων
895 2208 943 2268 α’ν-

140 2293 256 2371 θριύπων
278 2295 376 2373 έχουσι
399 2292 478 2369 ἤθεα·
506 2291 570 2353 οὔτε
594 2294 672 2369 δίκην
696 2296 853 2372 νομίζοντες
877 2296 942 2357 ούτε

138 2381 213 2460 νόμῳ
229 2381 320 2441 ούδενῖ
336 2381 498 2462 χρεόμενοι·
518 2381 636 2459 νομάδες
653 2382 685 2441 δέ
698 2386 764 2442 εἰσι·
785 2384 895 2459 ἐσθῆτα.
910 2386 942 2445 δὲ

96 2538 101 2550 Ι
140 2470 277 2545 φορέουσι
303 2473 339 2547 τῇ
363 2469 486 2547 Σκυθικῇ
507 2469 615 2551 ὁμοίην,
639 2474 778 2550 γλῶσσαν
800 2470 830 2529 δέ
857 2472 941 2549 ἰδίην·

90 2555 147 2616 107
157 2554 428 2635 αἶνθρωποφαγέουσι
438 2556 468 2615 δὲ
476 2561 576 2634 μοῦνοι
585 2557 695 2618 τούτων.
722 2557 941 2639 Μελάγχλαινοι

136 2643 167 2703 δὲ
185 2642 285 2720 εἵματα
302 2646 355 2721 μὲν
372 2643 482 2719 μέλανα
498 2648 636 2723 φορέουσι
654 2645 764 2717 πάντες,
779 2646 822 2706 ἐπ’
841 2644 879 2709 ὧν
892 2650 941 2709 καὶ

135 2730 185 2796 τάς
198 2732 352 2809 ἐπωνυμίας
365 2733 471 2812 έχουσι·
491 2733 604 2809 νόμοισι
617 2734 646 2793 δὲ
660 2735 824 2799 Σκυθικοῖσι
837 2738 941 2815 χρέων·

89 2823 147 2879 108
155 2846 211 2880 ται.
253 2822 381 2881 Βουδῖνοι
408 2822 445 2892 δέ,
469 2823 547 2885 ἔθνος
573 2822 619 2883 ἐόν
644 2823 718 2903 μέγα
745 2823 791 2881 καὶ
816 2824 938 2895 πολλόν,

135 2908 260 2987 γλαυκόν
272 2935 303 2968 τε
316 2914 373 2970 πᾶν
386 2914 507 2989 ἰσχυροῖς
519 2910 582 2969 ἐστὶ
596 2911 642 2969 καὶ
654 2910 769 2988 πυρρόν.
809 2910 895 2975 πόλις
908 2914 939 2973 δὲ

135 3000 164 3052 ἐν
184 2994 294 3054 αύτοῖσι
314 2997 486 3056 πεπόλισται
506 2998 611 3073 ξυλίνη,
634 2997 739 3075 οὕνομα
759 2999 789 3058 δέ
809 3004 846 3078 τῇ
866 3000 937 3060 πόλι

134 3082 197 3137 ἐστὶ
217 3084 351 3145 Γελωνός·
371 3087 422 3142 τοῦ
440 3084 470 3142 δὲ
482 3086 588 3162 τείχεος
601 3086 732 3165 μέγαθος,
747 3091 840 3146 κῶλον
853 3088 936 3147 ἔκασ-

132 3186 182 3219 τον
203 3166 352 3241 τριήκοντα
374 3170 496 3229 σταδίων
515 3172 588 3229 ἐστί·
616 3172 728 3250 ύφηλόν
751 3174 789 3245 δὲ,
810 3175 858 3233 καὶ
878 3178 936 3235 πᾶν

135 3245 253 3309 ξύλινον·
272 3253 319 3311 καὶ
332 3256 417 3314 οἰκίαι
432 3256 522 3317 αύτῶν
542 3256 659 3329 ξύλιναι,
674 3260 720 3320 καὶ
739 3261 776 3321 τά
796 3261 853 3333 ἶρά·
872 3263 933 3323 ἐστι
