2150 3500
177 93 211 152 ’τι
489 98 674 151 momen
941 91 986 164 tt

177 176 390 258 άναμεμίχαται,
406 178 453 240 καὶ
472 179 619 256 Καδμεῖοι,
635 177 682 238 καὶ
701 175 833 255 Δρύοπες,
853 175 900 236 καὶ
918 182 985 238 Q·

178 267 238 331 κεές
253 265 433 344 άποδάσμιοι,
452 267 498 326 καὶ
513 267 679 337 Μολοσσοὶ,
693 264 739 326 καὶ
753 263 885 341 Ἀρκάδες
898 268 984 324 Πελ-

181 354 275 435 ασγοὶ,
284 355 330 414 καὶ
340 355 459 432 Δωριέες
470 352 650 432 Ἐπιδαύριοι,
660 352 738 413 άλλιι
748 375 780 413 τε
793 351 871 412 ἔθνεα
878 353 985 411 πολλὰ

179 441 394 522 ἀναμεμίχαται.
427 446 455 502 οἱ
467 443 497 502 δέ
509 441 599 502 αύτῶν
612 440 669 502 άπό
683 444 733 500 τοῦ
746 439 914 517 πρυτανηίου
926 443 984 511 τοῦ

179 529 334 607 Ἀθηναίων
354 529 521 608 ὁρμηθέντες
542 530 590 589 καὶ
612 530 769 606 νομίζοντες
788 527 984 608 γενναιότατοι

178 616 250 678 εἶναι
268 617 374 688 Ἰάνων,
388 615 465 678 οὗτοι
480 618 511 678 δέ
526 617 560 678 ου’
577 621 709 698 γυναῖκας
727 614 865 697 ἠγάγοντο
882 619 911 678 ἐς
926 615 984 691 την

179 704 318 782 άποικίην,
334 704 411 765 άλλιὶ
428 707 551 783 Καείρας
567 706 662 784 ἔσχον,
674 708 729 765 τῶν
744 702 900 778 ἐφόνευσαν
913 702 984 768 τούς

178 793 286 874 γονίας.
320 793 366 853 διά
383 797 482 853 τοῦτον
497 793 528 854 δέ
545 791 595 854 τόν
611 791 700 868 φόνον
712 794 742 852 αἶ
753 793 880 873 γυναῖκες
896 788 984 852 αὗται

178 880 264 958 νόμον
280 881 401 958 θέμεναι,
417 881 506 957 σφίσι
526 879 629 960 αὐτῇσι
649 879 747 957 ὅρκους
766 877 916 954 ἐπήλασαν
932 879 984 940 καὶ

178 968 338 1046 παρέδοσαν
345 972 413 1047 τῇσι
425 967 590 1050 θυγατράσι,
597 966 638 1045 μή
651 993 715 1029 κοτε
722 966 894 1045 ὁμοσιτῆσαι
902 971 983 1028 τοῖσι
1053 979 1054 989 ’

179 1054 306 1133 ἀνδράσι,
325 1055 397 1134 μηδὲ
416 1054 554 1134 ὀύνάματι
572 1057 670 1132 βῶσαι
689 1054 739 1116 τόν
759 1057 859 1130 ἐωυτῆς
881 1053 982 1132 ἄνδρα·

177 1144 259 1204 τοῦδε
273 1143 372 1205 εἵνεκα·
392 1143 436 1205 ὅτι
450 1143 607 1220 ἐφόνευσαν
615 1144 711 1220 σφίων
724 1140 790 1206 τούς
800 1142 922 1220 πατέρας
932 1144 983 1204 καὶ

178 1230 279 1310 ἄνδρας
293 1233 339 1292 καὶ
351 1232 460 1304 παῖδας,
474 1232 525 1292 καὶ.
534 1233 640 1294 ἔπειτεν
651 1235 739 1293 ταῦτα
753 1228 923 1306 ποιήσαντες
934 1229 984 1290 αύ-

178 1325 248 1400 τῇσι
267 1323 418 1382 συνοίκεον.
453 1324 543 1381 ταῦτα
560 1320 591 1380 δέ
606 1320 641 1397 ἦν
656 1319 789 1403 γινόμενα
805 1323 834 1378 ἐν
850 1318 983 1398 Μιλήτῳ.

133 1409 189 1470 147
200 1409 342 1472 Βασιλέας
356 1410 385 1468 δέ
398 1407 558 1484 ἐστήσαντο
570 1412 662 1487 οἱμὲν
678 1407 768 1469 αὐτῶν
783 1407 911 1477 Λυκίους,
924 1405 983 1467 dard

178 1496 308 1557 Γλαύκου
319 1500 370 1556 τοῦ
381 1495 557 1576 Ἱππολόχου
568 1495 728 1578 γεγονότας·
749 1497 777 1555 οἱ
788 1495 819 1555 δέ
831 1493 984 1559 Καύκωνας

178 1585 312 1654 Πυλίους,
325 1582 380 1643 άπθ
395 1583 507 1661 Κόδρου
519 1589 571 1645 τού
583 1583 746 1646 Μελάνθου·
767 1586 795 1667 οἱ
810 1583 840 1642 δέ
857 1583 905 1642 καὶ
917 1607 983 1644 συν·
1053 1616 1054 1629 ι

178 1672 363 1750 αμφατίρους.
395 1670 474 1732 άλλά
492 1671 549 1755 γάρ
569 1673 746 1754 περιέχονται
760 1675 811 1733 τοῦ
829 1669 982 1750 οὐνόματος

177 1760 292 1838 μᾶλλόν
313 1785 342 1820 τι
361 1762 418 1819 τῶν
439 1759 535 1822 ἄλλων
557 1760 664 1832 Ἰάνων,
686 1762 813 1822 ἔστωσαν
834 1759 864 1820 δέ
887 1760 934 1821 καὶ
952 1762 981 1821 αἶ

178 1849 304 1925 καθαρῶς
328 1847 474 1929 γεγονότες
494 1847 598 1914 Ἴωνες·
627 1850 684 1911 εἰσὶ
704 1849 735 1909 δὲ
758 1848 859 1912 πάντες
877 1847 980 1920 Ἴωνες,

178 1934 244 1997 ὅσοι
264 1934 311 1995 ἀπ’
330 1934 456 2013 Ἀθηνῶν
471 1936 608 2017 γεγόνασι
627 1938 674 1998 καὶ
689 1936 861 2015 Ἀπατούρια
877 1934 980 2017 άγουσι

177 2022 272 2102 ὁρτήν·
293 2021 395 2106 άγουσι
411 2024 441 2083 δέ
459 2024 562 2089 πάντες
577 2024 653 2101 πλὴν
665 2024 808 2101 Ἐφεσίων
820 2024 867 2085 καὶ
885 2028 978 2085 Κολο-

179 2113 298 2188 φωνίων·
320 2108 398 2173 οὗτοι
414 2111 470 2193 γάρ
487 2117 587 2190 μοῦνοι
601 2111 700 2174 Ἰάνων
712 2111 763 2175 οὔκ
778 2112 881 2195 άγουσι
891 2110 977 2173 Ἄτα·

132 2202 189 2260 148
197 2199 302 2278 τούρια,
315 2200 362 2260 καὶ
380 2198 456 2260 οὗτοι
475 2200 547 2261 κατά
559 2199 649 2277 φόνου
660 2199 724 2261 τινά
735 2204 851 2278 σκῆψιν.
892 2200 931 2260 Τό
947 2199 978 2261 δέ

178 2289 334 2349 Πανιώνιον
343 2289 405 2349 ἐστὶ
417 2292 468 2363 τῆς
479 2289 618 2367 Μυκάλης
625 2293 716 2369 χῶρος
728 2287 787 2368 ἱρός
798 2286 869 2367 πρός
875 2287 976 2366 ἄρκτον

176 2377 371 2454 τετραμμένος,
382 2379 460 2453 κοινῇ
473 2376 686 2455 ἐξαραιρημένος
698 2376 752 2438 ύπθ
764 2375 861 2438 Ἰάνων
873 2381 977 2438 Ποσει·

176 2464 255 2523 δέωνι
265 2462 425 2541 Ἑλικωνίῳ
437 2462 457 2539 η“
470 2463 501 2524 δέ
512 2466 637 2543 Μυκάλη
647 2467 709 2528 ἐστὶ
720 2470 771 2542 τῆς
781 2464 899 2543 ἠπείρου
907 2464 976 2543 άκρη

176 2549 247 2627 πρός
259 2550 378 2626 ζέφυρον
386 2550 488 2627 ἄνεμον
499 2552 661 2628 κατήκουσα
674 2553 770 2634 Σάμιρ,
778 2557 806 2617 ἐς
816 2553 975 2629 τὴνσυλλε-

176 2635 293 2718 γόμενοι
312 2636 369 2699 ἀπό
389 2641 444 2698 τῶν
458 2640 566 2701 πολίων
580 2641 674 2706 Ἴωνες
693 2641 816 2724 άγεσκον
832 2639 974 2720 ὄρττὶν,τῇ

176 2726 270 2786 ἔθεντο
284 2723 389 2802 οὕνομα
405 2726 558 2790 Πανιάνια.
591 2729 752 2791 πεπόνθασι
763 2730 794 2790 δέ
806 2727 866 2791 ούτι
876 2732 975 2807 μοῦναι
1047 2747 1048 2794 3

176 2815 206 2873 αἶ
220 2809 318 2874 Ἰάνων
336 2811 416 2891 όρταὶ
431 2820 524 2887 τούτο,
542 2815 622 2898 ἀλλὰ
637 2818 684 2878 καὶ
702 2816 849 2894 Ἑλλήνων
867 2816 973 2879 πάντων
1047 2805 1048 2820 ¹

175 2899 277 2977 όμοίως
293 2906 385 2963 πᾶσαι
398 2908 426 2967 ἐς
437 2902 527 2964 τύυτδ
545 2903 665 2984 γράμμα
679 2908 840 2978 τελευταῖοι,
853 2904 972 2983 κατάπερ
1046 2937 1047 3004 γ

177 2991 233 3049 τῶν
244 2992 379 3067 Περσίων
391 2990 428 3051 τά
438 2990 593 3067 οὐνόματα.

131 3076 189 3136 149
239 3075 328 3141 Αύπαι
339 3081 393 3156 μὲν
404 3079 435 3138 αἱ
445 3076 533 3141 Ἰάδες
545 3078 643 3143 πόλιές
656 3083 721 3141 εἶσι.
754 3080 972 3162 αΐὸεδέαἶᾼίο·
1045 3113 1046 3188 γ

177 3160 261 3233 λίδες,
274 3163 360 3241 Κύμη
372 3164 391 3240 ἡ
403 3165 537 3242 Φρικωνὶς
553 3167 717 3245 καλεομένη,
730 3168 885 3247 Λήρισσαι,
900 3168 971 3229 Νέον

176 3251 278 3327 τεῖχος,
286 3254 406 3328 Τῆμνος,
419 3250 527 3323 Κίλλα,
540 3250 655 3325 Νότιον,
662 3255 847 3337 Αἰγιρόεσσα,
856 3253 970 3332 Πιτάνη,
1044 3247 1046 3370 J

1040 3383 1044 3450 ί
