2150 3500
159 101 190 150 10
457 95 640 145 ἨΡΟΔΟΤΟΤ
920 95 968 160 [I.

155 178 221 240 ι’διίν
233 203 264 240 τι
277 179 367 239 ἐκεῖνα
380 175 397 236 ό
414 174 501 252 κήρυξ
517 175 564 234 καὶ
576 175 654 238 εἶπας
666 173 736 251 πρός
749 170 977 250 Θρασύβουλον

156 265 207 331 τις
220 264 495 328 οταιςτοοκυιοι
510 261 722 338 ιπῆκιεεςτις
735 259 894 368 Σάρδου
908 259 976 342 εγο
1058 232 1061 335 1

156 353 339 429 πυνθάνομαι,
363 351 397 411 δι’
421 350 500 411 οὐδὲν
527 348 642 409 ἄλλο’
629 351 736 431 εγένετο
762 349 782 425 ή
808 347 976 429 διαλλαγή·

157 440 326 512 ἐλπίζων
288 466 343 547 γαρ
357 466 373 498 ο
365 438 544 514 “Αλυάττης
556 437 700 513 σιτοδηΐην
712 462 744 496 τε
757 436 828 496 εἶναι
840 436 976 515 ι’σχυρην

156 533 187 588 ἐν
198 553 234 607 τη
221 526 369 606 Μιλήτῳ
382 525 491 586 καὶτὸν
505 524 577 586 λεῶν
589 524 766 602 τετρύσθαι’
753 549 781 587 ες
792 521 826 583 τό
840 524 976 602 ἔσχατον

157 613 341 691 κακοΰ,ήκουε
348 619 399 676 τοῦ
409 613 526 691 κήρυκος
534 611 726 688 νοστήσαντος
735 617 764 671 ἐκ
772 615 822 688 τῆς
829 611 974 687 Μιλήτου

156 702 222 766 τούς
235 702 372 766 ἐναντίους
384 699 515 783 λάγουςῆ
526 701 562 764 ὦς
575 699 658 764 αύτὸς
671 698 823 761 κατεδόκεε·
839 697 915 775 μετά
925 699 971 770 δὲ,

156 789 177 866 ἥ
189 816 220 851 τε
233 789 374 871 διαλλαγή
384 795 441 866 σφι
451 789 560 870 ἐγένετο
571 787 612 848 ἐπ’
622 786 684 867 ᾧτε
694 787 797 857 ξείνους
804 785 972 862 ἀλλήλοισι

158 877 227 938 εἶναι
245 878 291 937 καὶ
307 877 477 955 ξυμμάχους,
498 876 545 936 καὶ
562 874 610 936 δύο
626 901 659 937 τε
676 874 739 936 ἀντὶ
755 873 916 951 ἐνός.νηούς
926 879 971 953 τῇ

99 991 101 994 ·
157 961 293 1074 Ἀθηναίη
314 963 476 1044 ᾠκοδόμησε
496 963 513 1023 ὁ
533 961 689 1040 Ἀλυάττης
710 968 740 1023 ἐν
758 966 795 1040 τῇ
813 960 968 1072 4Ἀσοησηῖ,

158 1051 242 1116 αύτός
253 1078 285 1113 τε
301 1056 331 1112 ἐκ
346 1056 396 1129 τῆς
412 1050 515 1112 νούσου
529 1050 642 1127 ἀνέστη.
683 1049 755 1110 κατὰ
765 1052 817 1127 μὲν
828 1049 879 1110 τόν
890 1049 967 1126 πρός

158 1141 319 1217 Μιλησίους
337 1165 369 1200 τε
389 1165 435 1199 και
425 1138 662 1217 Θρασύβουλον
677 1137 802 1215 πόλεμον
819 1136 967 1243 Αλυάττῃ

159 1224 239 1287 οἶδε’
224 1253 301 1309 εσχε.

111 1315 150 1376 23
200 1315 370 1394 Περίανδρος
382 1313 463 1391 δὲήν
476 1314 612 1392 Κυψέλου
623 1315 698 1384 παῖς,
711 1310 820 1378 ούτοςο
834 1339 873 1392 τῳ
858 1316 964 1390 Θρα-

157 1403 346 1482 συβούλιρ
313 1429 346 1463 το
367 1401 540 1481 χρηστήριον
559 1399 695 1478 μηνύσας
718 1399 875 1478 ἐτυράννευε
894 1401 963 1462 δέό
1059 1470 1060 1481 γ

158 1491 329 1569 Περίανδρος
359 1490 508 1566 Κορίνθου.
541 1493 580 1567 τῷ
605 1488 639 1564 δή
668 1488 788 1569 λέγουσι
816 1490 963 1564 Κορίνθιοι

159 1577 361 1658 (ὁμολογέουσι
384 1576 417 1656 δέ
438 1582 495 1653 σφι
517 1575 653 1658 Λέσβιοι)
675 1580 705 1636 έν
726 1579 764 1654 τῷ
785 1577 842 1655 βίιρ
863 1575 962 1653 θῶυμα

157 1665 293 1745 μέγιστον
312 1668 499 1742 παραστῆναι,
511 1661 626 1740 Ἀρίονα
644 1662 694 1724 τόν
713 1663 898 1742 Μηθυμναῖον
914 1664 962 1723 ἐπὶ
1053 1502 1061 1771 Ι

158 1752 290 1829 δελφῖνος
303 1753 490 1831 ἐξενειχθέντα
503 1752 550 1811 ἐπὶ
562 1752 706 1829 Ταίναρον,
717 1751 798 1812 ἐόντα
810 1751 961 1831 κιθαρῳδόν

157 1843 213 1900 τῶν
232 1838 297 1905 τότε
318 1838 417 1899 ἐόντων
437 1838 547 1903 οὐδενός
566 1837 700 1917 δεύτερον,
721 1839 768 1899 καὶ
787 1837 961 1917 διθύραμβον

157 1930 267 2005 πρῶτον
279 1925 429 2004 ἀνθρώπων
444 1931 500 1988 τῶν
511 1926 592 2003 ἡμεῖς
604 1926 683 2004 ’ίδμεν
694 1925 853 2003 ποιήσαντά
866 1951 898 1987 τε
912 1929 960 1988 καὶ

111 2014 149 2075 24
158 2013 338 2092 ὀνομάσαντα
357 2014 403 2076 καὶ
421 2013 569 2084 διδάξαντα
588 2018 618 2073 ἐν
638 2015 775 2094 Κορίνθῳ·
795 2017 893 2075 τοῦτον
909 2014 960 2075 τόν

157 2100 272 2179 Ἀρίονα
283 2102 410 2183 λέγουσι,
420 2100 469 2163 τάν
481 2100 593 2161 πολλόν
604 2105 655 2162 τοῦ
666 2100 769 2179 χρόνου
781 2102 959 2179 διατρίβοντα

158 2190 235 2267 παρά
251 2190 419 2270 Περιάνδρῳ,
435 2189 607 2267 ἐπιθυμῆσαι
621 2193 737 2249 πλῶσαι
749 2194 776 2253 ἐς
791 2188 913 2266 Ἰταλίην
926 2216 959 2251 τε

160 2278 207 2337 καὶ
217 2278 356 2354 Σικελίην·
370 2276 562 2359 ἐργασάμενον
571 2276 602 2335 δὲ
613 2275 745 2354 χρήματα
755 2276 869 2357 μεγάλα
878 2278 957 2353 θελή-

158 2390 210 2426 σαι
222 2365 313 2427 όπίσω
326 2370 354 2429 ἐς
366 2364 506 2441 Κόρινθον
518 2362 679 2423 ἀπικέσθαι·
696 2362 840 2441 ὁρμᾶσθαι
851 2365 957 2440 μέννυν
1059 2357 1061 2428 Ι

158 2457 189 2512 ἐκ
215 2452 362 2531 Τάραντος,
385 2449 554 2511 πιστεύοντα
578 2449 610 2508 δὲ
634 2448 782 2527 οὐδαμοῖσι
805 2451 956 2531 μᾶλλονῆ
1059 2467 1061 2586 η

158 2541 343 2618 Κορινθίοισι,
356 2536 561 2615 μισθώσασθαι
569 2539 671 2596 πλοῖον
681 2536 786 2615 ἀνδρῶν
795 2540 954 2615 Κορινθίων·

157 2627 222 2691 τούς
234 2628 264 2687 δὲ
277 2632 305 2687 ἐν
314 2631 353 2703 τῷ
365 2623 482 2705 πελάγει
493 2622 686 2700 ἐπιβουλεύειν
695 2624 744 2686 τόν
752 2624 866 2703 Ἀρίονα
876 2630 953 2704 ἐκβα-

157 2712 260 2777 λόντας
283 2714 355 2792 ἔχειν
377 2712 413 2772 τοὶ
437 2710 578 2799 χρήματα·
604 2710 654 2772 τόν
679 2712 709 2773 δὲ
734 2713 853 2775 συνέντα
876 2719 953 2776 τοῦτο
1057 2628 1061 2896 φ

157 2802 322 2871 λίσσεσθαι,
349 2799 481 2879 χρήματα
505 2800 558 2877 μέν
579 2806 637 2877 σφι
659 2802 791 2879 προϊέντα
813 2800 905 2881 ψυχήν
925 2803 952 2863 δὲ

157 2885 382 2966 παραιτεόμενον·
397 2887 482 2948 σύκων
490 2886 524 2963 δή
532 2888 637 2949 πείθειν
644 2887 728 2949 αὐτόν
735 2888 869 2949 τούτοισι·
882 2888 952 2950 ἀλλά

158 2975 280 3036 κελεύειν
288 2974 352 3039 τούς
364 2976 506 3053 πορθμέας
518 2974 537 3051 ἢ
548 2974 631 3036 αὐτόν
641 2976 814 3056 διαχρᾶσθαί
822 3002 871 3053 μιν
880 2976 912 3060 οἷς
920 2975 951 3039 ἀν

156 3066 251 3141 ταφῆς
269 3068 298 3123 ἐν
313 3066 352 3145 γῇ
368 3061 479 3143 τύχηή
497 3062 618 3141 έκπηδᾷν
629 3067 659 3140 ἐς
674 3063 727 3137 τήν
745 3061 896 3124 θάλασσαν
905 3064 950 3141 τήν

156 3152 304 3229 ταχίστην·
330 3150 515 3226 ἀπειληθέντα
535 3150 566 3208 δὲ
584 3148 634 3209 τόν
651 3148 766 3226 Ἀρίονα
785 3155 813 3213 ἐς
832 3151 948 3229 ἀπορίην,
1058 3175 1061 3200 ¹

156 3235 395 3314 παραιτήσασθαι,
416 3235 510 3313 ἐπειδή
529 3241 586 3312 σφι
605 3231 676 3296 οὕτω
696 3235 794 3307 δοκέοι,
815 3238 949 3310 περιῖδέειν
