2150 3500
122 108 268 174 ιιι-139]
321 145 324 150 .
431 109 659 162 Μαιαοιιαιια.
878 119 925 166 335

121 190 218 251 θεοῖσί
236 211 269 249 τε
295 188 342 248 καὶ
361 187 487 268 Σκύθησι
508 189 610 254 εἶδότες
629 189 721 270 χάριν·
744 191 795 253 τόν
812 192 842 252 δὲ
860 196 926 272 πρό-

120 295 203 355 τερον
222 276 303 338 ἐόντα
320 275 411 354 ύμέων
428 277 568 353 δεσπότην
583 277 662 355 ἡμεῖς
681 281 926 359 παραστησόμεθα

121 366 202 436 οίτω,
230 366 304 427 ὥστε
332 367 377 425 ἐπὶ
405 366 550 444 μηδαμούς
577 367 622 426 ’ἔτι
651 367 813 445 ἀνθρώπους
840 369 925 432 αὐτόν

120 453 379 533 στρατεύσασθαι.”

163 543 243 621 Πρός
257 547 345 603 ταῦτα
359 547 386 604 οἱ
399 542 492 607 Ἴωνες
506 543 700 620 ἐβουλεύοντο.
743 547 904 608 Μιλτιάδεω
915 552 972 611 137

119 635 174 711 μέν
186 637 236 692 τοῦ
251 632 402 709 Ἀθηναίου
416 633 637 712 στρατηγέοντος
655 635 701 693 καὶ
714 636 925 712 τυραννεύοντος

120 721 434 798 Χερσονησιτέωνιτῶν
464 725 493 780 ἐν
521 720 726 801 Ἑλλησπόντῳ
752 722 787 799 ἦν
816 725 922 805 γνώμη,

119 810 270 870 πείθεσθαι
284 809 410 887 Σκύθησι
420 809 467 867 καὶ
480 809 645 885 ἐλευθεροῦν
656 808 770 886 Ἰωνίην·
785 810 920 872 Ἱστιαίου

120 896 152 955 δέ
172 901 222 956 τοῦ
244 897 391 973 Μιλησίου
413 896 521 972 ἐναντίη
545 895 642 974 ταύτῃ,
663 898 795 977 λέγοντος
817 899 851 962 ώς
875 904 923 961 νῦν

119 988 172 1061 μὲν
192 984 237 1045 διά
259 989 380 1061 Δαρεῖον
400 985 518 1047 ἕκαστος
533 984 624 1044 αὐτῶν
639 985 795 1060 τυραννεύει
810 987 921 1051 πόλιος·

119 1078 171 1148 τῆς
191 1073 311 1150 Δαρείου
330 1073 359 1131 δὲ
376 1071 505 1149 δυνάμιος
521 1073 737 1149 καταιρεθείσης,
754 1071 816 1134 οὔτε
837 1075 920 1140 αύτός

119 1149 271 1237 Μιλησίων
289 1159 348 1223 οἷός
366 1185 398 1220 τε
420 1162 500 1220 ἔσται
520 1159 617 1238 ἄρχειν
635 1160 697 1219 οὔτε
715 1160 806 1221 ἄλλον
825 1162 922 1222 οὐδένα
988 1159 992 1166 ’

120 1247 257 1325 οὐδαμῶν
285 1247 486 1324 βουλήσεσθαι
511 1247 567 1328 γοὶρ
595 1247 715 1323 ἑκάστην
738 1252 793 1309 τῶν
816 1251 922 1310 πολίων

120 1336 360 1413 δημοκρατέεσθαι
372 1340 486 1413 μᾶλλον
499 1334 517 1412 ἢ
530 1335 754 1413 τυραννεύεσθαι.
787 1336 921 1398 Ἱστιαίου

120 1424 151 1483 δὲ
172 1425 285 1506 γνώμην
307 1423 411 1500 ταύτην
433 1423 674 1503 ἀποδεικνυμένου,
699 1423 797 1484 αὐτίκα
820 1424 921 1488 πάντες

119 1510 194 1587 ἦσαν
216 1513 399 1590 τετραμμένοι
419 1511 490 1588 πρός
509 1512 613 1588 ταύτην
635 1511 687 1587 τὴν
709 1511 830 1593 γνώμην,
854 1513 921 1589 πρό·

82 1675 86 1680 .
119 1625 200 1676 τερον
217 1601 269 1677 την
283 1599 445 1659 Μιλτιάδεω
464 1600 629 1677 αἶρεόμενοι.
656 1598 757 1660 Ἦσαν
774 1600 805 1659 δὲ
824 1597 968 1661 οὗτοι138

120 1691 148 1746 οἶ
161 1687 338 1766 διαφέροντές
355 1714 386 1749 τε
401 1688 453 1763 την
470 1693 569 1767 ψῆφον
586 1688 632 1749 καὶ
647 1687 736 1753 ἐόντες
749 1687 838 1770 λόγου
850 1690 921 1767 πρός

118 1778 273 1853 βασιλῆος·
293 1777 525 1853 Ἑλλησποντίων
542 1780 595 1854 μὲν
610 1776 746 1855 τύραννοι,
762 1777 872 1854 Δάφνις
889 1805 920 1839 τε

118 1863 284 1943 Ἀβυδηνός,
297 1865 352 1939 ,καὶ
370 1865 525 1929 Ἵπποκλος
547 1867 747 1943 Λαμψακηνός,
769 1868 814 1925 καὶ
837 1866 920 1944 Ἡρό-

119 1959 226 2030 φαντος
249 1953 400 2031 Παριηνός,
422 1955 468 2012 καὶ
492 1954 679 2031 Μητρόδωρος
699 1954 920 2029 Προκοννήσιος,

119 2043 166 2100 καὶ
185 2040 390 2122 Ἀρισταγόρης
410 2041 572 2117 Κυζικηνός,
593 2042 640 2099 καὶ
659 2040 797 2117 Ἀρίστων
817 2042 917 2111 Βυζάν·

117 2154 186 2193 τιος·
216 2128 292 2191 οὗτοι
318 2131 370 2207 μὲν
396 2127 471 2205 ἦσαν
497 2132 524 2187 οἱ
551 2128 582 2197 ἐξ
605 2126 831 2203 Ἑλλησπόντου.
872 2128 920 2188 ἀπ’

117 2217 221 2295 Ἰωνίης
241 2219 279 2288 δὲ,
305 2216 439 2295 Στράττις
459 2241 490 2277 τε
513 2220 592 2285 Χῖος,
609 2216 655 2274 καὶ
676 2213 781 2290 Αἰάκης
805 2215 919 2293 Σάμιος,

118 2306 165 2364 καὶ
191 2306 342 2384 Λαοδάμας
368 2304 515 2373 Φωκαιεύς,
538 2304 585 2363 καὶ
610 2302 743 2365 Ἱστιαῖος
766 2304 920 2379 Μιλήσιος,

118 2398 169 2454 τοῦ
186 2392 221 2469 ἦν
238 2393 335 2475 γνώμη
350 2392 369 2469 ἦ
387 2392 554 2471 προκειμένη
572 2392 681 2468 ἐναντίη
699 2389 919 2471 τῇΜιλτιάδεω.

118 2482 243 2542 Αἰολέων
266 2483 296 2541 δὲ
321 2484 415 2558 παρῆν
440 2479 560 2561 λόγιμος
585 2483 687 2558 μοῦνος
713 2477 919 2561 Ἀρισταγόρης

118 2575 258 2647 Κυμαῖος.

160 2656 247 2718 Οὗτοι
260 2657 297 2719 ὧν
310 2658 372 2719 ε’πεί
382 2684 414 2720 τε
426 2656 478 2734 τὴν
490 2656 625 2717 Ἱστιαίου
639 2657 764 2734 αἱρέοντο
777 2655 900 2737 γνώμην,
911 2655 967 2713 139

118 2745 196 2813 ἔδοξέ
215 2753 271 2827 σφι
289 2746 359 2825 πρός
376 2750 464 2807 ταῦτα
483 2745 549 2806 τάδε
567 2746 634 2825 ἔργα
648 2770 679 2805 τε
693 2744 739 2803 καὶ
751 2744 820 2801 ἐπεα
831 2768 921 2819 προσ-

119 2833 217 2893 θεῖναι·
237 2838 288 2908 τῆς
301 2838 352 2911 μὲν
369 2835 496 2915 γεφύρης
511 2832 589 2893 λύειν
601 2832 636 2893 τά
651 2831 721 2891 κατά
734 2831 799 2893 τούς
812 2830 922 2894 Σκύθας

92 2985 95 2989 ,
118 2920 209 2990 ἐόντα,
233 2921 311 2981 λύειν
334 2922 364 2981 δέ
386 2922 457 2983 ὅσον
477 2922 599 2998 τόξευμα
620 2919 777 2990 ἐξικνέεται·
807 2918 851 2977 ἵνα
876 2918 922 2976 καὶ

117 3010 223 3069 ποιέειν
242 3034 270 3068 τι
290 3008 568 3073 δοκέωσιποιεῦντες
587 3008 681 3086 μηδὲν,
700 3007 745 3065 καὶ
766 3008 793 3065 οἱ
813 3004 919 3069 Σκύθαι

116 3097 158 3176 μή
180 3095 318 3176 πειρῴατο
341 3098 476 3176 βιώμενοι
498 3098 558 3181 [καὶ
579 3093 764 3177 βουλόμενοι]
788 3095 922 3170 διαβῆναι

117 3186 168 3248 τόν
185 3186 302 3265 Ἴστρον
323 3186 395 3248 κατὰ
414 3187 467 3264 τήν
483 3188 620 3269 γέφυραν·
647 3186 732 3245 εἰπεῖν
751 3209 782 3243 τε
803 3181 923 3245 λύοντας

117 3279 169 3351 τῆς
188 3276 314 3357 γεφύρης
333 3274 368 3337 τό
389 3281 418 3339 ἐς
440 3275 492 3351 τὴν
516 3274 655 3351 Σκυθικήν
677 3273 750 3350 ἔχον,
772 3270 808 3335 ὥς
831 3270 921 3330 πάντα
