2150 3500
96 145 242 210 176-181]
419 149 581 197 ΕΤΤΕΡΠΗ.
855 143 900 196 197

92 227 198 290 Ἰάνων
215 230 267 306 μὲν
282 228 351 293 Χίος
369 228 415 287 καὶ
431 230 505 292 Τέως
526 229 572 287 καὶ
593 224 705 287 Φοίκαια
727 225 774 285 καὶ
789 224 901 295 Κλαζο·

94 316 188 390 μεναί·
217 316 344 393 Δωριέων
362 316 392 375 δὲ
412 316 508 379 Ῥόδος
526 317 572 375 καὶ
590 314 692 377 Κνίδος
709 313 755 372 καὶ
770 312 901 387 Ἀλικαρ·

94 403 207 480 νησσός
228 405 274 464 καὶ
298 403 435 481 Φάσηλις·
469 406 594 465 Αἰολέων
615 403 645 462 δέ
664 402 683 478 ἦ
704 399 902 476 Μυτιληναίων

94 490 198 569 μούνη.
238 491 343 554 τούτων
368 493 421 571 μέν
448 498 510 553 ἐστι
534 496 619 553 τοῦτο
645 488 678 550 τό
705 490 826 566 τέμενος,
854 487 902 547 καὶ

94 578 261 657 προστάτας
286 584 338 640 τοῦ
364 582 499 659 ἐμπορίου
522 577 604 639 αὗται
631 579 661 637 αἶ
682 576 766 640 πόλις
790 574 846 635 εἰσὶ
872 577 913 635 ιιῖΔ

95 669 283 747 παρέχουσαι·
318 668 386 730 όσαι
407 669 437 728 δέ
460 667 548 728 όλλαι
573 666 657 729 πόλις
681 666 901 742 μεταποιεῦνται,

97 755 180 816 οὐδέν
193 764 250 834 σφι
261 756 361 834 μετεόν
378 760 601 834 μεταποιεῦνται.
641 753 725 833 χωρὶς
738 752 776 823 δὲ,
789 755 902 832 Αἰγινῆ-

95 869 146 903 ται
164 844 206 906 ἐπ’
228 849 335 906 ἑωυτῶν
356 844 505 923 ἱδρύσαντο
524 843 639 921 τέμενος
661 841 737 911 Διός,
757 839 803 900 καὶ
823 838 899 899 ἄλλο

98 930 320 1011 Σάμιοι,Ἠρης,
335 933 381 993 καὶ
395 933 544 1009 Μιλήσιοι,
558 930 749 993 Ἀπόλλωνος.
778 926 839 988 Ἦν
852 927 882 985 δὲ
891 927 948 988 1⁸79

97 1018 133 1079 τό
146 1018 270 1080 παλαιόν
287 1020 377 1098 μούνη
397 1020 416 1097 ἤ
432 1020 593 1098 Ναύκρατις
611 1017 753 1096 ἐμπόριον,
767 1017 814 1076 καὶ
826 1015 901 1074 ἅλλα

99 1104 180 1167 ούδὲν
193 1107 347 1189 Αἰγύπτου·
369 1110 393 1168 εἶ
406 1108 437 1168 δέ
448 1135 490 1171 τις
504 1114 531 1172 ἐς
547 1111 603 1168 τῶν
615 1133 644 1167 τι
661 1104 737 1165 ἄλλο
753 1102 902 1181 στομάτων
942 1136 946 1143 -

97 1198 151 1254 τοῦ
168 1198 275 1256 Νείλου
293 1196 430 1267 α’πίκοιτο,
444 1201 517 1275 χρῆν
534 1195 641 1273 ὀμόσαι
656 1193 717 1270 “μή
735 1195 787 1270 μὲν
805 1191 902 1252 ἑκόντα

100 1282 219 1343 ἐλθεῖν·”
244 1282 429 1362 ἀπομόσαντα
448 1284 485 1354 δὲ,
502 1287 540 1363 τῇ
558 1284 603 1360 νηῒ
622 1281 694 1360 αότῇ
711 1280 807 1340 πλέειν
823 1284 850 1343 ἐς
867 1277 901 1339 τό

100 1371 279 1448 Κανωβικόν·
309 1370 328 1449 ἢ
350 1377 374 1433 εἰ
393 1362 435 1450 μή
455 1398 490 1454 γε
512 1370 559 1432 οἶά
579 1397 610 1431 τε
631 1371 673 1445 εἴη
693 1367 763 1445 πρός
784 1366 902 1444 ἀνέμους

100 1456 210 1523 οἷντίους
227 1461 331 1530 πλέειν,
345 1459 381 1521 τά
401 1461 506 1539 φορτία
522 1460 580 1519 ἔδεε
594 1457 736 1538 περιάγειν
751 1460 781 1516 ἐν
799 1454 902 1532 βάρισι

101 1548 165 1623 περὶ
185 1547 219 1608 τό
242 1550 347 1619 Δέλτα,
365 1550 451 1627 μέχρι
472 1546 505 1609 οὗ
529 1548 657 1608 ἀπίκοιτο
682 1552 709 1609 ἐς
731 1543 901 1621 Ναύκρατιν.

101 1633 172 1695 οὕτω
191 1638 244 1712 μὲν
262 1636 296 1714 δη
312 1636 472 1715 Ναύκρατις
485 1637 636 1714 ἐτετίμητο.
671 1632 971 1711 Ἀμφικτ-ιιόνωνῙὸΟ·

100 1720 131 1781 δέ
151 1722 355 1800 μισθωσάντων
375 1723 426 1787 τόν
448 1730 477 1786 ἐν
498 1727 644 1798 Δελφοῖσι
664 1726 713 1784 νῦν
734 1720 815 1784 ἐόντα
834 1718 902 1796 νηόν

99 1814 267 1889 τριηκοσίων
279 1813 424 1884 ταλάντων
438 1814 655 1896 ἐξεργάσασθαι·
676 1811 756 1894 όγόρ
766 1808 902 1888 πρότερον

100 1897 153 1959 ἐών
176 1899 272 1962 αύτόθι
294 1900 454 1980 αύτομότως
476 1902 605 1977 κατεκάη·
632 1900 698 1964 τούς
719 1897 851 1976 Δελφούς
871 1898 902 1957 δέ

100 1989 247 2064 ἐπέβαλλε
255 1991 473 2068 τεταρτημόριον
482 1995 532 2050 τοῦ
542 1986 725 2066 μισθώματος
733 1989 901 2065 παρασχεῖν·

99 2076 277 2154 πλανεύμενοι
290 2078 320 2138 δὲ
334 2081 361 2138 οἶ
371 2079 484 2154 Δελφοὶ
496 2078 562 2155 περὶ
573 2076 624 2138 τάς
635 2073 720 2138 πόλις
733 2074 902 2144 ἐδωτίναζον,

98 2167 240 2229 ποιεῦντες
252 2166 283 2226 δὲ
295 2169 379 2227 τοῦτο
392 2164 447 2229 ,ούκ
465 2165 618 2244 ἐλάχιστον
638 2163 669 2232 ἐξ
680 2162 823 2243 Αἰγύπτου
836 2159 902 2219 ἐνεί·

99 2277 195 2312 καντο·
211 2252 335 2330 Ἀμασις
346 2256 399 2331 μὲν
410 2253 466 2335 γάρ
478 2259 533 2330 σφι
547 2253 629 2311 ἔδωκε
640 2251 723 2334 χίλια
732 2247 902 2324 στιπτηρίης

98 2337 233 2411 τάλαντα,
247 2344 274 2402 οἱ
288 2341 318 2401 δὲ
331 2347 360 2403 ἐν
373 2340 505 2422 Αἰγύπτῳ
519 2340 653 2402 οἰκέοντες
660 2337 800 2413 Ἕλληνες
813 2335 903 2395 εἴκοσι

99 2427 193 2501 μνέας.

141 2516 327 2593 Κυρηναίοισι
348 2517 378 2576 δέ
394 2514 520 2593 Ἀμασις
540 2512 681 2591 φιλότητά
699 2538 731 2573 τε
752 2512 798 2572 καὶ
811 2513 948 2589 συμ-181

99 2602 206 2682 μαχίην
219 2603 402 2680 συνεθήκατο·
416 2603 561 2663 ἐδικαίωσε
574 2601 604 2662 δέ
617 2602 663 2662 καὶ
674 2604 765 2683 γῆμαι
778 2599 903 2669 αύτόθεν,

100 2688 148 2750 εἴτ’
163 2691 338 2769 ἐπιθυμήσας
350 2691 516 2768 Ἑλληνίδος
532 2689 663 2772 γυναικός
682 2690 736 2748 εἴτε
750 2689 797 2748 καὶ
809 2686 904 2752 άλλως

100 2777 255 2855 φιλότητος
273 2780 437 2857 Κυρηναίων
455 2780 555 2839 εἵνεκα·
575 2777 674 2859 γαμέει
691 2776 715 2835 δ’
736 2776 781 2847 ὧν,
805 2777 832 2835 οἱ
851 2777 904 2852 μὲν

98 2866 219 2947 λέγουσι
235 2866 355 2939 Βάττεω,
370 2869 397 2927 οἶ
417 2865 440 2927 δ’·
462 2865 633 2944 Ἀρκεσίλεω
655 2864 802 2944 θυγατέρα,
825 2866 852 2922 οἶ
873 2862 903 2921 δέ

100 2954 309 3031 Κριτοβούλου,
324 2953 422 3032 ἀνδρός
435 2958 490 3015 τῶν
503 2953 599 3014 α’στῶν
612 2951 735 3027 δοκίμου,
748 2954 784 3028 τῇ
798 2949 903 3026 οὔνομα

27 3115 31 3124 .
98 3041 136 3119 ἦν
161 3042 280 3122 Λαδίκη·
317 3046 353 3122 τῇ
380 3042 443 3104 ἐπεί
466 3067 498 3102 τε
524 3039 705 3121 συγκλίνοιτο
731 3037 747 3098 ὁ
769 3036 901 3114 Ἀμασις,

98 3130 260 3211 μίσγεσθαι
284 3129 333 3190 ούκ
358 3129 416 3192 οἶός
435 3155 467 3189 τε
491 3128 611 3208 ἐγένετο·
644 3128 713 3202 τῇσι
738 3125 768 3183 δέ
794 3124 903 3202 ἄλλῃσι

99 3217 213 3300 γυναιξὶ
229 3220 340 3296 ἐχρᾶτο·
369 3217 431 3276 ἐπεί
449 3241 480 3276 τε
502 3214 532 3274 δὲ
552 3212 665 3273 πολλόν
684 3215 767 3271 τοῦτο
789 3212 902 3293 ἐγίνετο,

101 3304 165 3366 εἶπε
174 3304 190 3366 ό
198 3302 323 3382 ΙἈμασις
332 3301 403 3380 πρός
411 3302 463 3377 τόν
471 3301 597 3376 Λαδίκην
609 3299 711 3374 ταύτην
721 3299 902 3377 καλευμένην·
