2150 3500
195 116 242 165 258
499 115 684 167 ἨΡΟΔΟΤΟΤ
928 109 989 173 [m.

147 196 204 256 119
213 196 332 275 αὓχενας
344 197 440 272 σφέων
453 194 544 271 ἔδησε,
559 194 605 252 καὶ
618 191 718 267 ἀπῆκε·
740 194 777 253 Οἱ
787 192 868 270 δέτῷ
879 190 993 270 βασιλέϊ

193 282 334 343 δεικνύασι
347 282 469 351 ἐωυτούς,
484 282 530 341 καὶ
542 279 595 355 την
608 280 698 354 αἰτίην
712 279 792 340 εἶπον
805 278 840 340 δι’
848 278 885 355 ἢν
898 304 993 339 πεπον-

195 370 274 433 θότες
286 369 393 445 ε’ίησαν·
414 373 533 445 Δαρεῖος
546 368 585 436 δὲ,
594 367 757 444 ἀρρωδήσας
770 367 813 444 μὴ
826 372 911 447 κοινῷ
923 366 994 447 λόγῳ

194 461 221 519 οἶ
241 459 272 528 ἐξ
290 456 472 533 πεποιηκότες
488 458 555 517 ἔωσι
569 460 666 525 ταῦτα,
681 455 938 533 μεταπεμπόμενος
953 456 996 514 ἕνα

194 546 320 616 ἕκαστον,
341 543 511 622 ἀπεπειρᾶτο
530 543 643 624 γνώμης
661 548 687 603 εἰ
702 543 873 604 συνέπαινοί
892 547 948 603 εἶσι
963 546 997 621 τῷ

193 632 379 711 πεποιημένῳ·
400 633 463 692 ἐπεί
476 658 508 693 πε
525 632 556 691 δὲ
573 632 689 708 ἐξέμαθε
702 630 739 695 ώς
752 629 787 691 οὗ
799 630 859 691 σόν
872 631 997 690 ἐκείνοισι

194 721 237 796 ε’ίη
252 725 340 781 ταῦτα
358 718 523 795 πεποιηκώς,
537 720 627 795 ἔλαβε
640 718 724 779 αὐτόν
736 744 768 779 πε
786 717 840 779 τόν
858 717 997 795 Ἰνταφέρ

195 832 252 880 νεα,
263 808 309 867 καὶ
320 807 385 871 τούς
398 808 500 871 παῖδας
512 806 597 867 αὐτοῦ
612 806 658 866 καὶ
670 805 735 869 τούς
748 794 875 881 οἰκηίους
887 805 998 877 πάντας,

194 895 309 959 ἐλπίδας
328 893 440 959 πολλάς
459 897 529 975 ἔχων
542 893 613 971 μετά
631 896 687 954 τών
700 892 862 974 συγγενέων
879 918 933 969 μιν
948 898 999 952 ἐπι-

192 983 343 1059 βουλεύειν
370 986 397 1043 οἶ
424 982 629 1043 ἐπανάστασιν·
663 979 823 1056 συλλαβών
849 980 884 1039 δέ
913 987 1001 1056 σφεας

194 1070 277 1147 ἔδησε
294 1071 347 1146 τήν
367 1072 412 1130 ἐπὶ
431 1069 550 1149 θανάτῳ·
570 1070 590 1147 ἦ
607 1068 722 1150 δέγυνῆ
739 1072 790 1128 τοῦ
806 1068 1002 1147 Ἰνταφέρνεος

195 1159 350 1234 φοιτέουσα
370 1159 415 1217 ἐπὶ
430 1151 480 1221 πᾶς
494 1158 579 1235 θύρας
590 1160 642 1217 τοῦ
655 1156 804 1233 βασιλέος,
819 1158 963 1217 κλαίεσκε
973 1154 1003 1216 ἂν

196 1248 243 1306 καὶ
265 1244 440 1324 ὀδυρέσκετο·
465 1250 586 1305 ποιεῦσα
607 1244 638 1303 δὲ
658 1244 712 1304 αἰεὶ
731 1242 820 1303 τώυτό
842 1248 944 1315 τοῦτο,
959 1244 1004 1305 τόν

196 1338 316 1413 Δαρεῖον
337 1334 429 1393 ἔπεισε
450 1333 584 1410 οἰκτεῖραί
602 1358 660 1408 μιν·
686 1332 800 1409 πέμψας
821 1331 856 1390 δὲ
878 1331 1005 1414 ἄγγελον

194 1424 274 1503 ἔλεγε
293 1421 368 1483 τάδε·
389 1420 438 1479 “ὧ
454 1419 545 1501 γύναι,
561 1418 702 1496 βασιλεύς
719 1443 765 1479 τοι
785 1422 916 1495 Δαρεῖος
937 1421 1007 1481 διδοῖ

194 1510 242 1569 ἕνα
254 1512 309 1569 τών
322 1508 470 1585 δεδεμένων
483 1508 594 1583 οἰκηίων
606 1507 756 1583 ῥύσασθαι,
768 1505 820 1566 τόν
832 1507 966 1582 βούλεαι
978 1514 1007 1569 ἐκ

192 1594 328 1655 πάντων·”
348 1596 367 1671 ἡ
382 1596 412 1655 δὲ
423 1595 642 1677 βουλευσαμένη
655 1594 838 1671 ὖπεκρίναντο
851 1595 936 1656 τάδε·
957 1608 977 1634 “
985 1602 1007 1657 εἰ

192 1678 244 1760 μὲν
258 1682 293 1758 δή
306 1708 355 1760 μοι
369 1683 442 1743 διδοῖ
453 1682 595 1761 βασιλεῦς
611 1682 671 1745 ένός
685 1682 738 1757 τήν
751 1680 857 1760 ψυχὴν,
872 1685 1008 1764 αἱρέομαι

193 1776 224 1830 ἐκ
244 1769 355 1832 πάντων
373 1771 426 1832 τόν
445 1769 612 1848 άδελφεόν.”
646 1770 803 1847 πυθόμενος
823 1770 856 1829 δὲ
880 1778 1008 1851 Δαρεῖος

191 1863 280 1920 ταῦτα
303 1859 349 1918 καὶ
370 1859 522 1937 θωυμάσας
542 1856 593 1920 τόν
613 1858 710 1940 λόγον,
730 1859 848 1938 πέμψας
871 1858 1007 1941 ἠγόρευε·

193 1945 241 2006 “ὦ
253 1947 344 2028 γύναι,
360 1941 459 2027 εἶρωτᾷ
471 1973 506 2008 σε
519 1946 668 2024 βασιλεδς,
681 1947 743 2006 τίνα
762 1946 874 2024 ἔχουσα
886 1948 1009 2028 γνώμην

192 2034 243 2096 τόν
255 2034 342 2113 ἄνδρα
353 2061 385 2097 τε
398 2027 444 2095 καὶ
456 2035 492 2101 τά
504 2035 588 2096 τέκνα
601 2037 840 2115 ἐγκαταλιποῦσα,
853 2033 910 2096 τόν
923 2037 1009 2098 άδελ-

194 2122 266 2199 φεόν
286 2124 361 2182 εἵλευ
376 2123 512 2200 περιεῖναί
526 2148 581 2184 ποι·
602 2121 635 2186 ὃς
653 2115 700 2180 καὶ
717 2120 952 2202 ἀλλοτριώτερός
965 2151 1010 2188 τοι

191 2215 247 2271 τῶν
267 2212 381 2282 παίδων,
403 2213 449 2271 καὶ
475 2208 571 2287 ἧσσον
597 2208 798 2290 κεχαρισμένος
822 2214 877 2270 τοῦ
901 2210 1010 2290 ἀνδρός

193 2298 281 2358 ἐστι.”
314 2299 366 2375 ἡδ’
380 2297 635 2377 άμείβετοποῖσδε·
655 2296 703 2356 “‹T›
715 2299 850 2373 βασιλεῦ,
861 2296 941 2377 άνῆρ
954 2302 1010 2378 μέν

193 2412 243 2462 μοι
260 2385 294 2446 ἂν
310 2386 399 2450 ἄλλος
419 2388 529 2467 γένοιτο
550 2391 575 2447 εί
596 2386 700 2463 δαίμων
721 2385 823 2454 ἐθέλοι,
845 2386 896 2445 καὶ
919 2390 1010 2449 τέκνα

191 2471 268 2532 ἄλλα
289 2477 313 2532 εἰ
329 2478 417 2534 ταῦτα
437 2473 627 2551 ἀποβάλοιμι·
647 2471 754 2551 πατρός
769 2471 800 2531 δέ
820 2473 870 2532 καὶ
889 2475 1009 2554 μητρός

192 2559 242 2620 οὐκ
260 2561 300 2620 ἔτι
312 2585 365 2637 μευ
378 2559 509 2632 ζωόντων,
524 2559 664 2638 ἀδελφεός
679 2558 714 2620 ἂν
726 2559 817 2622 ἄλλος
830 2559 929 2621 οὐδενὶ
941 2563 1009 2640 πρό·

191 2674 234 2728 πῳ
243 2647 363 2730 γένοιτο·
377 2646 464 2727 ταύτῃ
474 2653 510 2728 τῇ
519 2649 618 2730 γνώμη
627 2648 778 2728 χρεωμένη,
789 2648 874 2716 ἔλεξα
883 2649 1009 2718 ταῦτα’

192 2735 222 2796 εὖ
233 2762 265 2796 τε
279 2735 313 2812 δὴ
327 2735 402 2806 ἔδοξε
415 2740 454 2815 τῳ
467 2737 577 2816 Δαρείῳ
587 2734 702 2811 εἰπεῖνῆ
715 2734 794 2816 γυνη,
803 2735 854 2794 καί
865 2737 894 2794 οἱ
908 2735 1010 2814 αἷπῆκε

189 2821 290 2882 τοῦτόν
307 2847 338 2882 τε
352 2823 404 2883 τόν
421 2823 648 2900 παραιτέετο-καὶ
660 2827 715 2882 τῶν
728 2821 833 2882 παίδων
843 2821 899 2881 τόν
912 2850 1008 2902 πρεσ-
1052 2826 1054 2875 ι

190 2907 323 2982 βύτατον,
345 2908 446 2983 ἡσθεὶς·
470 2909 550 2986 αὐτῇ·
580 2909 647 2971 τούς
668 2909 698 2968 δὲ
719 2908 825 2971 ἄλλους
851 2907 1010 2973 α’πέκτεινε

189 2991 304 3056 πάντας.
346 2999 401 3054 τῶν
424 2998 476 3070 μὲν
497 2995 532 3069 δη
556 2994 628 3055 ἑπτά
652 2995 690 3058 εἷς
713 2995 812 3055 αὐτίκα
837 2995 941 3078 τρόπῳ
965 3004 1011 3080 τῷ

188 3079 320 3156 εἰρημένῳ
336 3076 492 3138 άπολώλεε.

140 3159 197 3216 120
240 3163 323 3221 Κατοὶ
346 3163 378 3221 δέ
397 3189 450 3239 κου,
469 3164 599 3240 μάλιστα
622 3172 676 3242 τήν
698 3167 867 3245 Καμβύσεω
890 3175 1012 3235 νοῦσον

184 3242 293 3318 ἐγένετο
314 3246 389 3306 τάδε·
411 3249 467 3308 όπὸ
481 3249 585 3336 ,Κύρου
605 3254 791 3329 κατασταθεὶς
810 3254 845 3329 ἦν
867 3256 1012 3328 Σαρδίων
