2150 3500
121 118 264 184 117-120]
299 162 303 166 .
413 121 642 172 κιιαοιιιιια.
877 125 925 178 327

119 204 194 278 χρῆν
213 198 300 259 αότόν
319 196 430 259 πάντων
449 203 505 260 τῶν
527 197 626 260 ἄλλων
646 199 831 279 άπεχόμενον,
853 201 925 272 οὕτω

121 289 190 348 ἰέναι
206 288 253 346 ἐπὶ
270 285 323 361 τὴν
340 285 487 364 ἡμετέρην·
508 287 555 346 καὶ
573 286 608 347 άν
620 286 722 363 ἐδήλου
735 291 816 359 πᾶσι,
831 288 866 352 ὦς
880 291 926 350 ἐπὶ

120 375 231 439 Σκύθας
251 374 360 434 ἐλαύνει
380 376 426 434 καὶ
447 374 497 435 ούκ
520 375 566 434 ε’πὶ
586 375 652 439 τοῦς
674 374 790 438 ἅλλους.
824 380 873 436 νῦν
893 379 923 438 δέ
983 408 986 411 ·
1029 409 1033 416 ’

119 465 183 523 ἐπεί
200 490 231 524 τε
250 463 374 542 τάχιστα
391 463 474 540 διέβη
486 463 570 540 τήνδε
584 463 637 539 τὴν
655 462 780 541 ἤπειρον,
793 465 858 528 τοῦς
872 467 926 525 αἰεὶ

119 550 249 628 ἐμποδῶν
267 552 430 632 γινομένους
449 551 603 628 ἡμεροῦται
620 551 736 614 πάντας·
756 552 822 616 τούς
841 578 873 612 τε
890 553 925 630 δή

118 637 225 703 ἅλλους
246 640 305 720 ἔχει
326 638 382 698 ὑπ’·
395 643 484 719 ἑωυτῷ
503 639 633 716 Θρήϊκας,
656 640 701 699 καὶ
728 639 762 715 δή
789 641 835 700 καὶ
860 641 926 706 τοῦς

117 726 186 804 ἡμῖν
195 727 291 791 ἐόντας
303 728 518 806 πλησιοχώρους
530 726 644 792 Γέτας.”
675 732 769 788 Ταῦτα
777 729 905 793 Σκυθέων
915 731 970 790 119

119 816 377 897 ἐπαγγελλομένων,
386 815 573 891 ἐβουλεύοντο
584 819 611 876 οῖ
623 816 760 892 βασιλέες
768 820 795 876 οῖ
802 815 859 877 άπό
869 821 925 885 τόν

118 904 217 963 ἐθνέων
229 902 351 979 ἥκοντες·
372 904 421 963 καί
430 909 528 980 σφεων
541 904 720 982 ἐσχίσθησαν
732 906 762 962 αἶ
774 907 891 984 γνῶμαι·
908 904 925 966 ό

116 993 170 1067 μὲν
182 990 237 1073 γάρ
250 990 386 1062 Γελωνός,
400 991 447 1050 καὶ
458 989 476 1050 ό
489 991 629 1061 Βουδῖνος,
644 991 690 1051 καὶ
703 989 719 1050 ό
732 990 923 1069 Σαυρομάτης,

119 1078 190 1138 κατά
207 1079 296 1139 τάυτὸ
313 1079 465 1160 γενόμενοι,
478 1077 645 1138 ῦπεδέκοντο
664 1078 791 1157 Σκύθησι
804 1080 923 1157 τιμωρή-

117 1192 190 1226 σειν·
208 1167 225 1226 ὁ
238 1167 268 1226 δὲ
280 1165 465 1247 Ἀγάθυρσος,
475 1166 522 1225 καὶ
534 1165 651 1243 Νευρός,
662 1167 708 1226 κὰὶ
720 1165 922 1248 Ἀνδροφάγος,

118 1254 166 1312 καὶ
179 1257 206 1314 οῖ
217 1257 273 1314 τῶν
286 1255 513 1335 Μελαγχλαίνων
526 1244 573 1313 καὶ
585 1255 706 1330 Ταύρων,
716 1253 783 1314 τάδε
796 1255 923 1334 Σκύθησι

117 1341 308 1418 ῦπεκρίναντο·
326 1352 344 1378 “
353 1346 377 1401 εἶ
390 1344 441 1418 μέν
453 1341 494 1419 μή
507 1341 586 1420 ῦμεῖς
599 1343 661 1402 ἔατε
675 1345 702 1402 οῖ
714 1341 851 1421 πρότερον
863 1343 919 1402 οἷδι-

118 1429 254 1506 κήσαντες
268 1431 383 1507 Πέρσας
396 1430 443 1489 καὶ
456 1428 586 1508 ἄρξαντες
600 1430 736 1508 πολέμου,
746 1429 851 1490 τούτων
864 1431 921 1491 δεό-

117 1543 199 1593 μενοι
215 1522 271 1578 τῶν
288 1521 338 1578 νῦν
356 1518 454 1578 δέεσθε
471 1518 567 1599 λέγειν
584 1543 615 1578 τε
634 1517 668 1578 ἂν
687 1518 838 1594 ἐφαίνεσθε
854 1517 922 1595 ἡμῖν

118 1603 199 1682 όρθοὶ,
214 1605 260 1664 καὶ
272 1605 352 1682 ἡμεῖς
370 1605 579 1670 ῦπακούσαντες
591 1605 679 1666 τιόυτδ
693 1604 727 1666 ἂν
739 1605 805 1682 ύμῖν
818 1605 921 1683 ἐπρήσ-
957 1607 960 1613 ’

119 1717 220 1769 σομεν·
240 1697 288 1755 νῦν
306 1693 336 1754 δὲ
352 1693 432 1771 ύμεῖς
451 1721 482 1756 τε
502 1699 530 1759 ἐς
550 1695 603 1771 τήν
619 1695 727 1756 ἐκείνων
749 1694 921 1771 ἐσβαλόντες

117 1785 174 1862 γῆν
187 1779 252 1841 άνευ
271 1782 371 1859 ἡμέων,
388 1784 567 1861 ἐπεκρατέετε
584 1784 718 1861 Περσέων
731 1782 801 1844 όσον
817 1783 920 1863 χρόνον

117 1868 214 1946 ῦμῖνό
228 1870 291 1934 θεός
303 1871 460 1948 παρεδίδου·
481 1872 528 1930 καὶ
542 1874 648 1942 ἐκεῖνοι,
659 1872 721 1931 ἐπεί
731 1878 823 1948 σφεας
836 1871 921 1935 οῖυτός

119 1956 184 2021 θεός
202 1959 310 2038 ἐγείρει,
328 1958 380 2034 τήν
400 1959 500 2036 ὁμοίην
518 1959 584 2035 ῦμῖν
601 1958 776 2019 ἀποδιδοῦσι·
796 1959 875 2036 ἡμεῖς
891 1960 922 2019 δὲ

119 2044 184 2105 οῦπε
201 2072 230 2106 τι
243 2046 308 2107 τότε
326 2045 500 2122 ἠδικήσαμεν
512 2045 577 2109 τοῦς
595 2044 696 2121 ἄνδρας
707 2044 822 2109 τούτους
834 2045 921 2117 οῦδὲν,

119 2132 184 2193 οὔτε
200 2138 249 2194 νῦν
266 2134 398 2211 πρότεροι
415 2131 609 2209 πειρησόμεθα
626 2131 752 2191 ἀδικέειν·
773 2130 808 2207 ἡν
824 2133 921 2208 μέντοι

119 2222 185 2299 ἐπίῃ
198 2222 245 2281 καὶ
259 2223 306 2281 ἐπὶ
317 2220 370 2298 τήν
383 2220 519 2298 ἡμετέρην
526 2217 597 2297 ἄρξῃ
609 2243 640 2279 τε
653 2217 775 2290 άδικέων,
783 2220 830 2278 καὶ
841 2220 921 2296 ἡμεῖς

118 2307 153 2370 οῦ
165 2309 333 2387 πεισόμεθα·
352 2311 438 2389 μέχρι
450 2309 577 2368 δέ·τοῦτο
589 2307 697 2384 ἴδωμεν,
710 2306 844 2384 μενέομεν
855 2307 922 2385 παρ’

118 2396 188 2475 ἡμῖν
208 2397 331 2459 αὐτοῖσι·
359 2397 436 2474 ἥκειν
460 2394 517 2477 γάρ
541 2395 672 2473 δοκέομεν
693 2393 744 2455 οῦκ
771 2394 813 2455 ἐπ’
833 2393 922 2473 ἡμέας

119 2486 245 2563 Πέρσας,
263 2484 330 2545 ἀλλ’
349 2486 396 2546 ἐπὶ
412 2484 478 2549 τοῦς
495 2483 600 2548 αἰτίους
613 2486 664 2561 τῆς
682 2481 789 2560 ἀδικίης
808 2486 920 2565 γενομέ-
970 2488 974 2495 ’

119 2572 209 2637 νους.”

159 2665 254 2723 Ταῦτα
261 2661 502 2741 οῖςάπενειχθέντα
510 2659 646 2721 ἐπύθοντο
657 2663 684 2720 οἱ
692 2659 807 2731 Σκύθαι,
818 2661 900 2736 ἐβου-
910 2662 968 2719 120

119 2748 236 2808 λεύοντο
256 2751 405 2830 ἰθυμαχίην
424 2752 476 2827 μὲν
495 2748 632 2829 μηδεμίαν
651 2748 797 2808 ποιέεσθαι
819 2751 850 2806 ἐκ
870 2751 922 2807 τοῦ

120 2835 268 2913 ἐμφανέος,
283 2836 339 2916 (ότι
352 2837 394 2914 δή
411 2844 467 2913 σφι
487 2836 567 2897 οὗτοί
580 2860 614 2916 γε
626 2832 773 2913 σύμμαχοι
785 2832 818 2893 οῦ
831 2859 921 2910 προσ-

119 2924 265 3004 qima)
291 2925 448 2994 ῦπεξιόντες
474 2926 504 2985 δέ
527 2923 587 3007 [καὶ
611 2920 854 3003 ῦπεξελαόνοντες]
885 2921 922 2981 τοὶ

120 3011 231 3089 φρέατα
242 3013 280 3072 τά
291 3012 447 3088 παρεξίοιεν
459 3012 539 3073 αὐτοὶ
552 3012 598 3071 καὶ
609 3010 660 3074 τοὶς
673 3009 774 3088 κρήνας
786 3011 921 3091 συγχοῦν,

118 3100 172 3177 τὴν
193 3100 278 3178 ποίην
297 3126 329 3159 τε
352 3104 382 3159 ἐκ
403 3105 454 3176 τῆς
475 3104 527 3182 γής
554 3100 701 3177 ἐκτρίβειν,
726 3098 806 3179 διχοῦ
829 3097 922 3173 σφέας

118 3189 268 3255 διελόντες·
288 3187 335 3248 καὶ
352 3188 423 3266 πρός
441 3191 494 3267 μὲν
509 3187 563 3265 τήν
581 3187 649 3266 μίαν
668 3191 723 3249 τῶν
734 3187 852 3267 μοιρέων
870 3188 921 3261 τῆς

119 3284 275 3362 ἐβασίλευε
288 3276 447 3346 Σκάτασις,
456 3277 647 3353 προσχωρέειν
655 3274 846 3352 Σαυρομάτας·
858 3271 921 3332 τού-
