<?xml version="1.0" encoding="UTF-8"?>
<!DOCTYPE html PUBLIC "-//W3C//DTD XHTML 1.0 Transitional//EN"
    "http://www.w3.org/TR/xhtml1/DTD/xhtml1-transitional.dtd">
<html xmlns="http://www.w3.org/1999/xhtml" xml:lang="en" lang="en">
 <head>
  <title>
</title>
<meta http-equiv="Content-Type" content="text/html;charset=utf-8" />
  <meta name='ocr-system' content='tesseract 3.04.00' />
  <meta name='ocr-capabilities' content='ocr_page ocr_carea ocr_par ocr_line ocrx_word'/>
</head>
<body>
  <div class='ocr_page' id='page_1' title='image "./herodotus00blakgoog_0121.png"; bbox 0 0 2150 3500; ppageno 0'>
   <div class='ocr_carea' id='block_1_1' title="bbox 112 54 1058 3283">
    <p class='ocr_par' dir='ltr' id='par_1_1' title="bbox 175 54 1058 474">
     <span class='ocr_line' id='line_1_1' title="bbox 179 54 985 120; baseline 0 -16"><span class='ocrx_word' id='word_1_1' title='bbox 179 59 227 104; x_wconf 82' lang='lat'>1⁰⁰</span> <span class='ocrx_word' id='word_1_2' title='bbox 487 54 673 117; x_wconf 72' lang='grc' dir='ltr'>Ἠυοιουου</span> <span class='ocrx_word' id='word_1_3' title='bbox 946 55 985 120; x_wconf 82' lang='grc' dir='ltr'>[ι.</span> 
     </span>
     <span class='ocr_line' id='line_1_2' title="bbox 176 130 989 212; baseline 0 -18"><span class='ocrx_word' id='word_1_4' title='bbox 176 133 279 212; x_wconf 86' lang='grc' dir='ltr'>χρόνον</span> <span class='ocrx_word' id='word_1_5' title='bbox 290 131 404 193; x_wconf 75' lang='grc' dir='ltr'>πολλόν</span> <span class='ocrx_word' id='word_1_6' title='bbox 414 133 608 209; x_wconf 78' lang='grc' dir='ltr'>προσμένουσι</span> <span class='ocrx_word' id='word_1_7' title='bbox 622 130 655 191; x_wconf 86' lang='grc' dir='ltr'>οῦ</span> <span class='ocrx_word' id='word_1_8' title='bbox 670 130 817 209; x_wconf 89' lang='grc' dir='ltr'>δυνάμεναι</span> <span class='ocrx_word' id='word_1_9' title='bbox 826 131 882 192; x_wconf 78' lang='grc' dir='ltr'>’τόν</span> <span class='ocrx_word' id='word_1_10' title='bbox 895 131 989 209; x_wconf 83' lang='grc' dir='ltr'>νόμον</span> 
     </span>
     <span class='ocr_line' id='line_1_3' title="bbox 176 219 986 301; baseline 0 -21"><span class='ocrx_word' id='word_1_11' title='bbox 176 224 327 296; x_wconf 79' lang='grc' dir='ltr'>ἐκπλῆσαι·</span> <span class='ocrx_word' id='word_1_12' title='bbox 349 220 395 278; x_wconf 85' lang='grc' dir='ltr'>καὶ</span> <span class='ocrx_word' id='word_1_13' title='bbox 406 220 462 301; x_wconf 78' lang='grc' dir='ltr'>γάρ</span> <span class='ocrx_word' id='word_1_14' title='bbox 472 220 581 297; x_wconf 82' lang='grc' dir='ltr'>τριέτεα</span> <span class='ocrx_word' id='word_1_15' title='bbox 591 219 637 277; x_wconf 84' lang='grc' dir='ltr'>καὶ</span> <span class='ocrx_word' id='word_1_16' title='bbox 647 219 794 296; x_wconf 79' lang='grc' dir='ltr'>τετραέτεα</span> <span class='ocrx_word' id='word_1_17' title='bbox 806 220 986 297; x_wconf 74' lang='grc' dir='ltr'>μετεξέτεραι</span> 
     </span>
     <span class='ocr_line' id='line_1_4' title="bbox 175 305 1058 387; baseline 0.001 -20"><span class='ocrx_word' id='word_1_18' title='bbox 175 307 277 387; x_wconf 90' lang='grc' dir='ltr'>χρόνον</span> <span class='ocrx_word' id='word_1_19' title='bbox 296 308 423 384; x_wconf 86' lang='grc' dir='ltr'>μένουσι.</span> <span class='ocrx_word' id='word_1_20' title='bbox 465 310 562 386; x_wconf 81' lang='grc' dir='ltr'>ἐνιαχῆ</span> <span class='ocrx_word' id='word_1_21' title='bbox 584 306 614 365; x_wconf 83' lang='grc' dir='ltr'>δέ</span> <span class='ocrx_word' id='word_1_22' title='bbox 635 306 681 365; x_wconf 83' lang='grc' dir='ltr'>καὶ</span> <span class='ocrx_word' id='word_1_23' title='bbox 703 311 754 382; x_wconf 79' lang='grc' dir='ltr'>τῆς</span> <span class='ocrx_word' id='word_1_24' title='bbox 777 305 898 383; x_wconf 78' lang='grc' dir='ltr'>Κύπρου</span> <span class='ocrx_word' id='word_1_25' title='bbox 919 308 985 370; x_wconf 73' lang='grc' dir='ltr'>ἐστὶ</span> <span class='ocrx_word' id='word_1_26' title='bbox 1057 319 1058 326; x_wconf 76' lang='grc'>’</span> 
     </span>
     <span class='ocr_line' id='line_1_5' title="bbox 175 393 583 474; baseline -0.007 -20"><span class='ocrx_word' id='word_1_27' title='bbox 175 395 375 472; x_wconf 85' lang='grc' dir='ltr'>παραπλήσιος</span> <span class='ocrx_word' id='word_1_28' title='bbox 387 393 475 474; x_wconf 87' lang='grc' dir='ltr'>τούτῳ</span> <span class='ocrx_word' id='word_1_29' title='bbox 488 394 583 471; x_wconf 88' lang='grc' dir='ltr'>νόμος.</span> 
     </span>
    </p>

    <p class='ocr_par' dir='ltr' id='par_1_2' title="bbox 128 481 1058 646">
     <span class='ocr_line' id='line_1_6' title="bbox 128 481 984 561; baseline -0.002 -17"><span class='ocrx_word' id='word_1_30' title='bbox 128 486 187 544; x_wconf 94' lang='grc'>200</span> <span class='ocrx_word' id='word_1_31' title='bbox 221 483 315 561; x_wconf 80' lang='grc' dir='ltr'>Νόμοι</span> <span class='ocrx_word' id='word_1_32' title='bbox 338 486 389 559; x_wconf 80' lang='grc' dir='ltr'>μὲν</span> <span class='ocrx_word' id='word_1_33' title='bbox 413 482 447 558; x_wconf 73' lang='grc' dir='ltr'>δὴ</span> <span class='ocrx_word' id='word_1_34' title='bbox 469 486 547 542; x_wconf 81' lang='grc' dir='ltr'>τοῖσι</span> <span class='ocrx_word' id='word_1_35' title='bbox 570 481 781 558; x_wconf 83' lang='grc' dir='ltr'>Βαβυλωνίοισι</span> <span class='ocrx_word' id='word_1_36' title='bbox 804 481 883 542; x_wconf 78' lang='grc' dir='ltr'>οὗτοι</span> <span class='ocrx_word' id='word_1_37' title='bbox 903 507 984 544; x_wconf 88' lang='grc' dir='ltr'>κατε-</span> 
     </span>
     <span class='ocr_line' id='line_1_7' title="bbox 176 567 1058 646; baseline -0.002 -14"><span class='ocrx_word' id='word_1_38' title='bbox 176 573 288 632; x_wconf 88' lang='grc' dir='ltr'>στέασι.</span> <span class='ocrx_word' id='word_1_39' title='bbox 331 571 429 630; x_wconf 83' lang='grc' dir='ltr'>εἶσὶδέ</span> <span class='ocrx_word' id='word_1_40' title='bbox 442 569 532 629; x_wconf 80' lang='grc' dir='ltr'>αὐτῶν</span> <span class='ocrx_word' id='word_1_41' title='bbox 546 570 660 646; x_wconf 88' lang='grc' dir='ltr'>πατριαὶ</span> <span class='ocrx_word' id='word_1_42' title='bbox 673 572 755 646; x_wconf 80' lang='grc' dir='ltr'>τρεῖς,</span> <span class='ocrx_word' id='word_1_43' title='bbox 770 567 799 628; x_wconf 73' lang='grc' dir='ltr'>αἳ</span> <span class='ocrx_word' id='word_1_44' title='bbox 812 569 893 630; x_wconf 85' lang='grc' dir='ltr'>ούδέν</span> <span class='ocrx_word' id='word_1_45' title='bbox 906 569 983 630; x_wconf 82' lang='grc' dir='ltr'>άλλο</span> <span class='ocrx_word' id='word_1_46' title='bbox 1057 603 1058 620; x_wconf 56' lang='grc' dir='ltr'>ι</span> 
     </span>
    </p>

    <p class='ocr_par' dir='ltr' id='par_1_3' title="bbox 112 655 983 1088">
     <span class='ocr_line' id='line_1_8' title="bbox 112 655 983 737; baseline -0.002 -17"><span class='ocrx_word' id='word_1_47' title='bbox 112 701 115 707; x_wconf 59' lang='lat'><em>1</em></span> <span class='ocrx_word' id='word_1_48' title='bbox 175 660 315 720; x_wconf 89' lang='grc' dir='ltr'>σιτέονται</span> <span class='ocrx_word' id='word_1_49' title='bbox 328 658 403 735; x_wconf 82' lang='grc' dir='ltr'>εἰμὴ</span> <span class='ocrx_word' id='word_1_50' title='bbox 418 659 496 737; x_wconf 84' lang='grc' dir='ltr'>ἰχθῦς</span> <span class='ocrx_word' id='word_1_51' title='bbox 508 660 621 734; x_wconf 88' lang='grc' dir='ltr'>μοῦνον·</span> <span class='ocrx_word' id='word_1_52' title='bbox 641 657 705 720; x_wconf 85' lang='grc' dir='ltr'>τοῦς</span> <span class='ocrx_word' id='word_1_53' title='bbox 719 657 822 716; x_wconf 86' lang='grc' dir='ltr'>ἐπείτε</span> <span class='ocrx_word' id='word_1_54' title='bbox 835 655 869 717; x_wconf 81' lang='grc' dir='ltr'>ἂν</span> <span class='ocrx_word' id='word_1_55' title='bbox 884 658 983 734; x_wconf 86' lang='grc' dir='ltr'>θηρεύ-</span> 
     </span>
     <span class='ocr_line' id='line_1_9' title="bbox 174 744 983 824; baseline -0.005 -16"><span class='ocrx_word' id='word_1_56' title='bbox 174 773 274 811; x_wconf 84' lang='grc' dir='ltr'>σαντες</span> <span class='ocrx_word' id='word_1_57' title='bbox 294 745 417 824; x_wconf 76' lang='grc' dir='ltr'>αύῄνωσι</span> <span class='ocrx_word' id='word_1_58' title='bbox 436 745 507 822; x_wconf 81' lang='grc' dir='ltr'>πρός</span> <span class='ocrx_word' id='word_1_59' title='bbox 527 744 617 820; x_wconf 82' lang='grc' dir='ltr'>ἥλιον,</span> <span class='ocrx_word' id='word_1_60' title='bbox 635 748 748 804; x_wconf 83' lang='grc' dir='ltr'>ποιεῦσι</span> <span class='ocrx_word' id='word_1_61' title='bbox 769 745 845 804; x_wconf 84' lang='grc' dir='ltr'>τάδε·</span> <span class='ocrx_word' id='word_1_62' title='bbox 870 745 983 822; x_wconf 85' lang='grc' dir='ltr'>ἐσβάλ·</span> 
     </span>
     <span class='ocr_line' id='line_1_10' title="bbox 174 831 982 912; baseline 0.001 -18"><span class='ocrx_word' id='word_1_63' title='bbox 174 839 259 895; x_wconf 93' lang='grc' dir='ltr'>λουσι</span> <span class='ocrx_word' id='word_1_64' title='bbox 279 839 307 898; x_wconf 90' lang='grc' dir='ltr'>ἐς</span> <span class='ocrx_word' id='word_1_65' title='bbox 328 832 426 909; x_wconf 83' lang='grc' dir='ltr'>ὅλμον,</span> <span class='ocrx_word' id='word_1_66' title='bbox 451 834 497 891; x_wconf 86' lang='grc' dir='ltr'>καὶ</span> <span class='ocrx_word' id='word_1_67' title='bbox 518 831 666 912; x_wconf 79' lang='grc' dir='ltr'>λεῄναντες</span> <span class='ocrx_word' id='word_1_68' title='bbox 686 831 816 908; x_wconf 75' lang='grc' dir='ltr'>ὑπέροισι</span> <span class='ocrx_word' id='word_1_69' title='bbox 837 837 915 894; x_wconf 81' lang='grc' dir='ltr'>σῦσι</span> <span class='ocrx_word' id='word_1_70' title='bbox 935 833 982 895; x_wconf 78' lang='grc' dir='ltr'>διά</span> 
     </span>
     <span class='ocr_line' id='line_1_11' title="bbox 173 918 982 997; baseline -0.005 -15"><span class='ocrx_word' id='word_1_71' title='bbox 173 922 308 986; x_wconf 85' lang='grc' dir='ltr'>σινδόνος·</span> <span class='ocrx_word' id='word_1_72' title='bbox 330 921 377 984; x_wconf 86' lang='grc' dir='ltr'>καὶ</span> <span class='ocrx_word' id='word_1_73' title='bbox 393 920 424 984; x_wconf 81' lang='grc' dir='ltr'>ὃς</span> <span class='ocrx_word' id='word_1_74' title='bbox 441 921 494 997; x_wconf 78' lang='grc' dir='ltr'>μὲν</span> <span class='ocrx_word' id='word_1_75' title='bbox 506 919 542 980; x_wconf 81' lang='grc' dir='ltr'>ἂν</span> <span class='ocrx_word' id='word_1_76' title='bbox 561 919 704 997; x_wconf 91' lang='grc' dir='ltr'>βούληται</span> <span class='ocrx_word' id='word_1_77' title='bbox 716 918 806 978; x_wconf 78' lang='grc' dir='ltr'>αὐτῶν</span> <span class='ocrx_word' id='word_1_78' title='bbox 818 918 868 979; x_wconf 85' lang='grc' dir='ltr'>ἅτε</span> <span class='ocrx_word' id='word_1_79' title='bbox 888 919 982 996; x_wconf 83' lang='grc' dir='ltr'>μάζαν</span> 
     </span>
     <span class='ocr_line' id='line_1_12' title="bbox 172 1005 846 1088; baseline -0.006 -19"><span class='ocrx_word' id='word_1_80' title='bbox 172 1010 329 1087; x_wconf 74' lang='grc' dir='ltr'>μαξάμενος</span> <span class='ocrx_word' id='word_1_81' title='bbox 343 1010 408 1088; x_wconf 80' lang='grc' dir='ltr'>ἔχει,</span> <span class='ocrx_word' id='word_1_82' title='bbox 422 1007 438 1069; x_wconf 88' lang='grc' dir='ltr'>ό</span> <span class='ocrx_word' id='word_1_83' title='bbox 452 1008 482 1067; x_wconf 78' lang='grc' dir='ltr'>δὲ</span> <span class='ocrx_word' id='word_1_84' title='bbox 495 1006 580 1086; x_wconf 75' lang='grc' dir='ltr'>ἄρτου</span> <span class='ocrx_word' id='word_1_85' title='bbox 592 1007 697 1084; x_wconf 83' lang='grc' dir='ltr'>τρόπον</span> <span class='ocrx_word' id='word_1_86' title='bbox 710 1005 846 1082; x_wconf 83' lang='grc' dir='ltr'>ὀπτήσας.</span> 
     </span>
    </p>

    <p class='ocr_par' dir='ltr' id='par_1_4' title="bbox 126 1094 990 1614">
     <span class='ocr_line' id='line_1_13' title="bbox 126 1094 978 1177; baseline 0 -19"><span class='ocrx_word' id='word_1_87' title='bbox 126 1100 182 1158; x_wconf 93' lang='grc'>201</span> <span class='ocrx_word' id='word_1_88' title='bbox 213 1097 263 1160; x_wconf 87' lang='grc' dir='ltr'>Ὡς</span> <span class='ocrx_word' id='word_1_89' title='bbox 275 1097 305 1157; x_wconf 84' lang='grc' dir='ltr'>δέ</span> <span class='ocrx_word' id='word_1_90' title='bbox 317 1101 356 1176; x_wconf 76' lang='grc' dir='ltr'>τῷ</span> <span class='ocrx_word' id='word_1_91' title='bbox 373 1096 457 1175; x_wconf 87' lang='grc' dir='ltr'>Κύρῳ</span> <span class='ocrx_word' id='word_1_92' title='bbox 478 1097 525 1155; x_wconf 85' lang='grc' dir='ltr'>καὶ</span> <span class='ocrx_word' id='word_1_93' title='bbox 541 1099 625 1156; x_wconf 86' lang='grc' dir='ltr'>τοῦτο</span> <span class='ocrx_word' id='word_1_94' title='bbox 638 1094 671 1156; x_wconf 80' lang='grc' dir='ltr'>τό</span> <span class='ocrx_word' id='word_1_95' title='bbox 693 1096 770 1158; x_wconf 84' lang='grc' dir='ltr'>ἔθνος</span> <span class='ocrx_word' id='word_1_96' title='bbox 791 1096 978 1177; x_wconf 82' lang='grc' dir='ltr'>κατέργαστο,</span> 
     </span>
     <span class='ocr_line' id='line_1_14' title="bbox 173 1181 979 1264; baseline 0.002 -19"><span class='ocrx_word' id='word_1_97' title='bbox 173 1184 333 1262; x_wconf 77' lang='grc' dir='ltr'>ἐπεθύμησε</span> <span class='ocrx_word' id='word_1_98' title='bbox 345 1185 541 1264; x_wconf 78' lang='grc' dir='ltr'>Μασσαγέτας</span> <span class='ocrx_word' id='word_1_99' title='bbox 554 1182 600 1243; x_wconf 76' lang='grc' dir='ltr'>ὕπ’</span> <span class='ocrx_word' id='word_1_100' title='bbox 614 1187 702 1261; x_wconf 75' lang='grc' dir='ltr'>ἑωυτῷ</span> <span class='ocrx_word' id='word_1_101' title='bbox 715 1181 904 1258; x_wconf 81' lang='grc' dir='ltr'>ποιήσασθαι.</span> <span class='ocrx_word' id='word_1_102' title='bbox 946 1185 979 1248; x_wconf 81' lang='grc' dir='ltr'>τό</span> 
     </span>
     <span class='ocr_line' id='line_1_15' title="bbox 173 1271 990 1352; baseline 0.001 -18"><span class='ocrx_word' id='word_1_103' title='bbox 173 1273 204 1334; x_wconf 85' lang='grc' dir='ltr'>δέ</span> <span class='ocrx_word' id='word_1_104' title='bbox 216 1275 293 1336; x_wconf 83' lang='grc' dir='ltr'>ἔθνος</span> <span class='ocrx_word' id='word_1_105' title='bbox 301 1275 385 1334; x_wconf 88' lang='grc' dir='ltr'>τοῦτο</span> <span class='ocrx_word' id='word_1_106' title='bbox 396 1271 442 1331; x_wconf 86' lang='grc' dir='ltr'>καὶ</span> <span class='ocrx_word' id='word_1_107' title='bbox 449 1273 524 1352; x_wconf 90' lang='grc' dir='ltr'>μέγα</span> <span class='ocrx_word' id='word_1_108' title='bbox 533 1272 647 1352; x_wconf 89' lang='grc' dir='ltr'>λέγεται</span> <span class='ocrx_word' id='word_1_109' title='bbox 661 1271 735 1331; x_wconf 81' lang='grc' dir='ltr'>εἶναι</span> <span class='ocrx_word' id='word_1_110' title='bbox 744 1272 790 1330; x_wconf 83' lang='grc' dir='ltr'>καὶ</span> <span class='ocrx_word' id='word_1_111' title='bbox 800 1271 930 1349; x_wconf 80' lang='grc' dir='ltr'>ἄλκιμον,</span> <span class='ocrx_word' id='word_1_112' title='bbox 941 1279 977 1334; x_wconf 76' lang='lat' dir='ltr'>oz·</span> <span class='ocrx_word' id='word_1_113' title='bbox 988 1317 990 1321; x_wconf 94' lang='lat'>-</span> 
     </span>
     <span class='ocr_line' id='line_1_16' title="bbox 173 1357 979 1438; baseline 0.001 -17"><span class='ocrx_word' id='word_1_114' title='bbox 173 1362 291 1438; x_wconf 90' lang='grc' dir='ltr'>κημένον</span> <span class='ocrx_word' id='word_1_115' title='bbox 304 1361 334 1420; x_wconf 85' lang='grc' dir='ltr'>δέ</span> <span class='ocrx_word' id='word_1_116' title='bbox 347 1358 417 1436; x_wconf 81' lang='grc' dir='ltr'>πρός</span> <span class='ocrx_word' id='word_1_117' title='bbox 428 1359 470 1435; x_wconf 82' lang='grc' dir='ltr'>ἦῦ</span> <span class='ocrx_word' id='word_1_118' title='bbox 480 1384 511 1418; x_wconf 89' lang='grc' dir='ltr'>τε</span> <span class='ocrx_word' id='word_1_119' title='bbox 524 1359 571 1417; x_wconf 83' lang='grc' dir='ltr'>καὶ</span> <span class='ocrx_word' id='word_1_120' title='bbox 583 1358 667 1434; x_wconf 75' lang='grc' dir='ltr'>ἡλίου</span> <span class='ocrx_word' id='word_1_121' title='bbox 678 1357 815 1422; x_wconf 77' lang='grc' dir='ltr'>ἀνατολάς</span> <span class='ocrx_word' id='word_1_122' title='bbox 827 1361 916 1437; x_wconf 87' lang='grc' dir='ltr'>πέρην</span> <span class='ocrx_word' id='word_1_123' title='bbox 927 1367 979 1422; x_wconf 89' lang='grc' dir='ltr'>τοῦ</span> 
     </span>
     <span class='ocr_line' id='line_1_17' title="bbox 171 1445 978 1526; baseline 0.001 -17"><span class='ocrx_word' id='word_1_124' title='bbox 171 1448 293 1526; x_wconf 86' lang='grc' dir='ltr'>Ἀράξεω</span> <span class='ocrx_word' id='word_1_125' title='bbox 306 1451 443 1523; x_wconf 86' lang='grc' dir='ltr'>ποταμοῦ,</span> <span class='ocrx_word' id='word_1_126' title='bbox 458 1446 552 1506; x_wconf 77' lang='grc' dir='ltr'>ἀντίον</span> <span class='ocrx_word' id='word_1_127' title='bbox 566 1446 596 1506; x_wconf 85' lang='grc' dir='ltr'>δὲ</span> <span class='ocrx_word' id='word_1_128' title='bbox 605 1445 775 1521; x_wconf 77' lang='grc' dir='ltr'>Ἰσσηδόνων</span> <span class='ocrx_word' id='word_1_129' title='bbox 789 1446 905 1524; x_wconf 81' lang='grc' dir='ltr'>ἀνδρῶν.</span> <span class='ocrx_word' id='word_1_130' title='bbox 920 1452 978 1510; x_wconf 81' lang='grc' dir='ltr'>εἰσὶ</span> 
     </span>
     <span class='ocr_line' id='line_1_18' title="bbox 171 1532 976 1614; baseline 0.002 -20"><span class='ocrx_word' id='word_1_131' title='bbox 171 1536 201 1595; x_wconf 88' lang='grc' dir='ltr'>δέ</span> <span class='ocrx_word' id='word_1_132' title='bbox 214 1537 244 1594; x_wconf 82' lang='grc' dir='ltr'>οἵ</span> <span class='ocrx_word' id='word_1_133' title='bbox 253 1560 324 1598; x_wconf 90' lang='grc' dir='ltr'>τινες</span> <span class='ocrx_word' id='word_1_134' title='bbox 334 1535 380 1593; x_wconf 83' lang='grc' dir='ltr'>καὶ</span> <span class='ocrx_word' id='word_1_135' title='bbox 391 1532 526 1597; x_wconf 79' lang='grc' dir='ltr'>Σκυθικόν</span> <span class='ocrx_word' id='word_1_136' title='bbox 533 1534 653 1614; x_wconf 89' lang='grc' dir='ltr'>λέγουσι</span> <span class='ocrx_word' id='word_1_137' title='bbox 665 1538 748 1594; x_wconf 92' lang='grc' dir='ltr'>τοῦτο</span> <span class='ocrx_word' id='word_1_138' title='bbox 761 1533 794 1595; x_wconf 79' lang='grc' dir='ltr'>τά</span> <span class='ocrx_word' id='word_1_139' title='bbox 808 1535 887 1600; x_wconf 80' lang='grc' dir='ltr'>ἔθνος</span> <span class='ocrx_word' id='word_1_140' title='bbox 895 1535 976 1598; x_wconf 85' lang='grc' dir='ltr'>εἶναι.</span> 
     </span>
    </p>

    <p class='ocr_par' dir='ltr' id='par_1_5' title="bbox 124 1620 976 3283">
     <span class='ocr_line' id='line_1_19' title="bbox 124 1620 976 1701; baseline 0.001 -16"><span class='ocrx_word' id='word_1_141' title='bbox 124 1627 182 1685; x_wconf 87' lang='grc'>202</span> <span class='ocrx_word' id='word_1_142' title='bbox 210 1623 245 1682; x_wconf 86' lang='grc' dir='ltr'><strong>Ὁ</strong></span> <span class='ocrx_word' id='word_1_143' title='bbox 269 1622 300 1681; x_wconf 81' lang='grc' dir='ltr'>δὲ</span> <span class='ocrx_word' id='word_1_144' title='bbox 321 1620 441 1699; x_wconf 77' lang='grc' dir='ltr'>Ἀράξης</span> <span class='ocrx_word' id='word_1_145' title='bbox 464 1622 577 1701; x_wconf 86' lang='grc' dir='ltr'>λέγεται</span> <span class='ocrx_word' id='word_1_146' title='bbox 597 1621 643 1680; x_wconf 86' lang='grc' dir='ltr'>καὶ</span> <span class='ocrx_word' id='word_1_147' title='bbox 665 1622 755 1698; x_wconf 87' lang='grc' dir='ltr'>μέζων</span> <span class='ocrx_word' id='word_1_148' title='bbox 775 1623 821 1682; x_wconf 84' lang='grc' dir='ltr'>καὶ</span> <span class='ocrx_word' id='word_1_149' title='bbox 842 1622 976 1687; x_wconf 76' lang='grc' dir='ltr'>ἐλάσσων</span> 
     </span>
     <span class='ocr_line' id='line_1_20' title="bbox 171 1708 976 1795; baseline 0.004 -23"><span class='ocrx_word' id='word_1_150' title='bbox 171 1711 240 1772; x_wconf 81' lang='grc' dir='ltr'>εἶναι</span> <span class='ocrx_word' id='word_1_151' title='bbox 252 1714 302 1772; x_wconf 88' lang='grc' dir='ltr'>τοῦ</span> <span class='ocrx_word' id='word_1_152' title='bbox 310 1708 435 1787; x_wconf 85' lang='grc' dir='ltr'>Ἴστρου</span> <span class='ocrx_word' id='word_1_153' title='bbox 454 1708 558 1785; x_wconf 79' lang='grc' dir='ltr'>νήσους</span> <span class='ocrx_word' id='word_1_154' title='bbox 571 1708 594 1769; x_wconf 86' lang='grc' dir='ltr'>δ’</span> <span class='ocrx_word' id='word_1_155' title='bbox 608 1714 638 1770; x_wconf 93' lang='grc' dir='ltr'>ἐν</span> <span class='ocrx_word' id='word_1_156' title='bbox 647 1708 720 1787; x_wconf 81' lang='grc' dir='ltr'>αύτῷ</span> <span class='ocrx_word' id='word_1_157' title='bbox 729 1711 836 1791; x_wconf 82' lang='grc' dir='ltr'>Λέσβῳ</span> <span class='ocrx_word' id='word_1_158' title='bbox 848 1711 976 1795; x_wconf 87' lang='grc' dir='ltr'>μεγάθεα</span> 
     </span>
     <span class='ocr_line' id='line_1_21' title="bbox 169 1796 974 1879; baseline 0.006 -20"><span class='ocrx_word' id='word_1_159' title='bbox 169 1799 371 1876; x_wconf 87' lang='grc' dir='ltr'>παραπλησίας</span> <span class='ocrx_word' id='word_1_160' title='bbox 391 1796 497 1878; x_wconf 88' lang='grc' dir='ltr'>συχνάς</span> <span class='ocrx_word' id='word_1_161' title='bbox 518 1804 593 1874; x_wconf 85' lang='grc' dir='ltr'>φασι</span> <span class='ocrx_word' id='word_1_162' title='bbox 612 1797 690 1869; x_wconf 78' lang='grc' dir='ltr'>εἶναι,</span> <span class='ocrx_word' id='word_1_163' title='bbox 705 1804 734 1859; x_wconf 88' lang='grc' dir='ltr'>ἐν</span> <span class='ocrx_word' id='word_1_164' title='bbox 756 1798 786 1859; x_wconf 85' lang='grc' dir='ltr'>δὲ</span> <span class='ocrx_word' id='word_1_165' title='bbox 804 1800 908 1879; x_wconf 77' lang='grc' dir='ltr'>αύτῇσι</span> <span class='ocrx_word' id='word_1_166' title='bbox 928 1802 974 1864; x_wconf 85' lang='grc' dir='ltr'>α’ν·</span> 
     </span>
     <span class='ocr_line' id='line_1_22' title="bbox 170 1886 975 1966; baseline 0.005 -19"><span class='ocrx_word' id='word_1_167' title='bbox 170 1887 304 1966; x_wconf 79' lang='grc' dir='ltr'>θράσους,</span> <span class='ocrx_word' id='word_1_168' title='bbox 318 1887 345 1946; x_wconf 77' lang='grc' dir='ltr'>οἳ</span> <span class='ocrx_word' id='word_1_169' title='bbox 358 1888 499 1947; x_wconf 90' lang='grc' dir='ltr'>σιτέονται</span> <span class='ocrx_word' id='word_1_170' title='bbox 510 1890 563 1963; x_wconf 79' lang='grc' dir='ltr'>μὲν</span> <span class='ocrx_word' id='word_1_171' title='bbox 574 1887 652 1963; x_wconf 82' lang='grc' dir='ltr'>ῥίζας</span> <span class='ocrx_word' id='word_1_172' title='bbox 664 1886 697 1947; x_wconf 81' lang='grc' dir='ltr'>τό</span> <span class='ocrx_word' id='word_1_173' title='bbox 711 1887 791 1964; x_wconf 89' lang='grc' dir='ltr'>θέρος</span> <span class='ocrx_word' id='word_1_174' title='bbox 804 1886 975 1965; x_wconf 84' lang='grc' dir='ltr'>ὀρύσσοντες</span> 
     </span>
     <span class='ocr_line' id='line_1_23' title="bbox 168 1972 974 2056; baseline 0.004 -21"><span class='ocrx_word' id='word_1_175' title='bbox 168 1975 309 2045; x_wconf 83' lang='grc' dir='ltr'>παντοίας,</span> <span class='ocrx_word' id='word_1_176' title='bbox 323 1974 445 2051; x_wconf 84' lang='grc' dir='ltr'>καρποῦς</span> <span class='ocrx_word' id='word_1_177' title='bbox 458 1974 487 2033; x_wconf 84' lang='grc' dir='ltr'>δὲ</span> <span class='ocrx_word' id='word_1_178' title='bbox 500 1972 557 2034; x_wconf 84' lang='grc' dir='ltr'>α’πδ</span> <span class='ocrx_word' id='word_1_179' title='bbox 571 1974 701 2051; x_wconf 84' lang='grc' dir='ltr'>δενδρέων</span> <span class='ocrx_word' id='word_1_180' title='bbox 711 1974 905 2053; x_wconf 81' lang='grc' dir='ltr'>ἐξευρημένους</span> <span class='ocrx_word' id='word_1_181' title='bbox 916 1984 974 2056; x_wconf 92' lang='grc' dir='ltr'>σφι</span> 
     </span>
     <span class='ocr_line' id='line_1_24' title="bbox 170 2060 973 2141; baseline 0.004 -18"><span class='ocrx_word' id='word_1_182' title='bbox 170 2068 198 2128; x_wconf 90' lang='grc' dir='ltr'>ἐς</span> <span class='ocrx_word' id='word_1_183' title='bbox 210 2062 327 2141; x_wconf 77' lang='grc' dir='ltr'>φορβὴν</span> <span class='ocrx_word' id='word_1_184' title='bbox 340 2063 539 2129; x_wconf 87' lang='grc' dir='ltr'>κατατίθεσθαι</span> <span class='ocrx_word' id='word_1_185' title='bbox 553 2060 676 2140; x_wconf 81' lang='grc' dir='ltr'>ιῦραίους,</span> <span class='ocrx_word' id='word_1_186' title='bbox 691 2063 737 2122; x_wconf 87' lang='grc' dir='ltr'>καὶ</span> <span class='ocrx_word' id='word_1_187' title='bbox 750 2063 864 2127; x_wconf 88' lang='grc' dir='ltr'>τούτους</span> <span class='ocrx_word' id='word_1_188' title='bbox 884 2068 973 2126; x_wconf 87' lang='grc' dir='ltr'>σιτέε-</span> 
     </span>
     <span class='ocr_line' id='line_1_25' title="bbox 170 2149 973 2232; baseline 0.002 -19"><span class='ocrx_word' id='word_1_189' title='bbox 170 2154 239 2213; x_wconf 90' lang='grc' dir='ltr'>σθαι</span> <span class='ocrx_word' id='word_1_190' title='bbox 251 2152 303 2228; x_wconf 78' lang='grc' dir='ltr'>την</span> <span class='ocrx_word' id='word_1_191' title='bbox 314 2151 482 2232; x_wconf 77' lang='grc' dir='ltr'>χειμερινήν·</span> <span class='ocrx_word' id='word_1_192' title='bbox 503 2149 581 2210; x_wconf 74' lang='grc' dir='ltr'>ἄλλα</span> <span class='ocrx_word' id='word_1_193' title='bbox 602 2150 633 2209; x_wconf 90' lang='grc' dir='ltr'>δέ</span> <span class='ocrx_word' id='word_1_194' title='bbox 653 2156 709 2227; x_wconf 92' lang='grc' dir='ltr'>σφι</span> <span class='ocrx_word' id='word_1_195' title='bbox 729 2151 895 2229; x_wconf 79' lang='grc' dir='ltr'>ἐξευρῆσθαι</span> <span class='ocrx_word' id='word_1_196' title='bbox 914 2154 973 2215; x_wconf 88' lang='grc' dir='ltr'>δέν-</span> 
     </span>
     <span class='ocr_line' id='line_1_26' title="bbox 171 2236 974 2319; baseline 0.004 -20"><span class='ocrx_word' id='word_1_197' title='bbox 171 2240 237 2317; x_wconf 90' lang='grc' dir='ltr'>δρεα</span> <span class='ocrx_word' id='word_1_198' title='bbox 250 2240 372 2319; x_wconf 75' lang='grc' dir='ltr'>καρπούς</span> <span class='ocrx_word' id='word_1_199' title='bbox 388 2238 517 2300; x_wconf 89' lang='grc' dir='ltr'>τοιούσδε</span> <span class='ocrx_word' id='word_1_200' title='bbox 534 2236 612 2300; x_wconf 85' lang='grc' dir='ltr'>τινοὶς</span> <span class='ocrx_word' id='word_1_201' title='bbox 630 2238 761 2316; x_wconf 84' lang='grc' dir='ltr'>φέροντα,</span> <span class='ocrx_word' id='word_1_202' title='bbox 774 2240 847 2309; x_wconf 86' lang='grc' dir='ltr'>τοῦς,</span> <span class='ocrx_word' id='word_1_203' title='bbox 861 2243 924 2302; x_wconf 87' lang='grc' dir='ltr'>ἐπεί</span> <span class='ocrx_word' id='word_1_204' title='bbox 941 2269 974 2304; x_wconf 89' lang='grc' dir='ltr'>τε</span> 
     </span>
     <span class='ocr_line' id='line_1_27' title="bbox 169 2324 973 2404; baseline 0.002 -17"><span class='ocrx_word' id='word_1_205' title='bbox 169 2326 204 2387; x_wconf 77' lang='grc' dir='ltr'>ἂν</span> <span class='ocrx_word' id='word_1_206' title='bbox 216 2332 244 2392; x_wconf 90' lang='grc' dir='ltr'>ἐς</span> <span class='ocrx_word' id='word_1_207' title='bbox 255 2327 343 2388; x_wconf 83' lang='grc' dir='ltr'>τιύυτὸ</span> <span class='ocrx_word' id='word_1_208' title='bbox 356 2327 515 2387; x_wconf 86' lang='grc' dir='ltr'>συνέλθωσι</span> <span class='ocrx_word' id='word_1_209' title='bbox 529 2324 600 2385; x_wconf 81' lang='grc' dir='ltr'>κατὰ</span> <span class='ocrx_word' id='word_1_210' title='bbox 621 2325 696 2389; x_wconf 74' lang='grc' dir='ltr'>εἴλας</span> <span class='ocrx_word' id='word_1_211' title='bbox 717 2326 763 2385; x_wconf 85' lang='grc' dir='ltr'>καὶ</span> <span class='ocrx_word' id='word_1_212' title='bbox 775 2330 832 2404; x_wconf 85' lang='grc' dir='ltr'>πῦρ</span> <span class='ocrx_word' id='word_1_213' title='bbox 851 2326 973 2389; x_wconf 83' lang='grc' dir='ltr'>άνακαύ-</span> 
     </span>
     <span class='ocr_line' id='line_1_28' title="bbox 170 2412 971 2495; baseline 0.002 -20"><span class='ocrx_word' id='word_1_214' title='bbox 170 2439 282 2484; x_wconf 92' lang='grc' dir='ltr'>σωνται,</span> <span class='ocrx_word' id='word_1_215' title='bbox 293 2413 385 2492; x_wconf 82' lang='grc' dir='ltr'>κύκλῳ</span> <span class='ocrx_word' id='word_1_216' title='bbox 397 2412 603 2490; x_wconf 81' lang='grc' dir='ltr'>περιῖζομένους</span> <span class='ocrx_word' id='word_1_217' title='bbox 616 2413 785 2490; x_wconf 89' lang='grc' dir='ltr'>ἐπιβάλλειν</span> <span class='ocrx_word' id='word_1_218' title='bbox 799 2415 845 2474; x_wconf 84' lang='grc' dir='ltr'>ἐπὶ</span> <span class='ocrx_word' id='word_1_219' title='bbox 857 2415 891 2477; x_wconf 77' lang='grc' dir='ltr'>τά</span> <span class='ocrx_word' id='word_1_220' title='bbox 904 2422 971 2495; x_wconf 86' lang='grc' dir='ltr'>πῦρ,</span> 
     </span>
     <span class='ocr_line' id='line_1_29' title="bbox 168 2500 972 2581; baseline 0.009 -22"><span class='ocrx_word' id='word_1_221' title='bbox 168 2501 408 2578; x_wconf 81' lang='grc' dir='ltr'>ὀσφραινομένους</span> <span class='ocrx_word' id='word_1_222' title='bbox 428 2500 459 2558; x_wconf 81' lang='grc' dir='ltr'>δὲ</span> <span class='ocrx_word' id='word_1_223' title='bbox 481 2500 698 2581; x_wconf 84' lang='grc' dir='ltr'>καταγιζομένου</span> <span class='ocrx_word' id='word_1_224' title='bbox 719 2506 769 2561; x_wconf 89' lang='grc' dir='ltr'>τοῦ</span> <span class='ocrx_word' id='word_1_225' title='bbox 793 2508 901 2580; x_wconf 87' lang='grc' dir='ltr'>καρτοῦ</span> <span class='ocrx_word' id='word_1_226' title='bbox 920 2510 972 2566; x_wconf 87' lang='grc' dir='ltr'>τοῦ</span> 
     </span>
     <span class='ocr_line' id='line_1_30' title="bbox 170 2586 972 2669; baseline 0.004 -20"><span class='ocrx_word' id='word_1_227' title='bbox 170 2588 396 2666; x_wconf 85' lang='grc' dir='ltr'>ἐπιβαλλομένου</span> <span class='ocrx_word' id='word_1_228' title='bbox 409 2586 602 2664; x_wconf 91' lang='grc' dir='ltr'>μεθύσκεσθαι</span> <span class='ocrx_word' id='word_1_229' title='bbox 617 2592 653 2667; x_wconf 80' lang='grc' dir='ltr'>τῇ</span> <span class='ocrx_word' id='word_1_230' title='bbox 667 2587 748 2668; x_wconf 79' lang='grc' dir='ltr'>ὀδμῇ,</span> <span class='ocrx_word' id='word_1_231' title='bbox 763 2590 886 2669; x_wconf 87' lang='grc' dir='ltr'>κατάπερ</span> <span class='ocrx_word' id='word_1_232' title='bbox 901 2592 972 2652; x_wconf 81' lang='grc' dir='ltr'>Ἕλ-</span> 
     </span>
     <span class='ocr_line' id='line_1_31' title="bbox 169 2676 972 2759; baseline 0.005 -23"><span class='ocrx_word' id='word_1_233' title='bbox 169 2682 256 2753; x_wconf 89' lang='grc' dir='ltr'>ληνας</span> <span class='ocrx_word' id='word_1_234' title='bbox 267 2681 306 2755; x_wconf 76' lang='grc' dir='ltr'>τῷ</span> <span class='ocrx_word' id='word_1_235' title='bbox 319 2676 391 2757; x_wconf 81' lang='grc' dir='ltr'>οἴνῳ</span> <span class='ocrx_word' id='word_1_236' title='bbox 421 2678 539 2739; x_wconf 87' lang='grc' dir='ltr'>πλεῦνος</span> <span class='ocrx_word' id='word_1_237' title='bbox 553 2676 583 2735; x_wconf 83' lang='grc' dir='ltr'>δέ</span> <span class='ocrx_word' id='word_1_238' title='bbox 597 2677 823 2754; x_wconf 79' lang='grc' dir='ltr'>ἐπιβαλλομένου</span> <span class='ocrx_word' id='word_1_239' title='bbox 838 2682 889 2739; x_wconf 91' lang='grc' dir='ltr'>τοῦ</span> <span class='ocrx_word' id='word_1_240' title='bbox 906 2705 972 2759; x_wconf 85' lang='grc' dir='ltr'>καρ-</span> 
     </span>
     <span class='ocr_line' id='line_1_32' title="bbox 170 2763 972 2846; baseline 0.001 -19"><span class='ocrx_word' id='word_1_241' title='bbox 170 2769 224 2827; x_wconf 92' lang='grc' dir='ltr'>ποῦ</span> <span class='ocrx_word' id='word_1_242' title='bbox 243 2768 357 2843; x_wconf 78' lang='grc' dir='ltr'>μᾶλλον</span> <span class='ocrx_word' id='word_1_243' title='bbox 376 2763 577 2842; x_wconf 86' lang='grc' dir='ltr'>μεθύσκεσθαι,</span> <span class='ocrx_word' id='word_1_244' title='bbox 592 2768 620 2828; x_wconf 88' lang='grc' dir='ltr'>ἐς</span> <span class='ocrx_word' id='word_1_245' title='bbox 641 2764 658 2824; x_wconf 80' lang='grc' dir='ltr'>δ</span> <span class='ocrx_word' id='word_1_246' title='bbox 679 2769 707 2828; x_wconf 93' lang='grc' dir='ltr'>ἐς</span> <span class='ocrx_word' id='word_1_247' title='bbox 725 2764 845 2846; x_wconf 77' lang='grc' dir='ltr'>ὄρχησίν</span> <span class='ocrx_word' id='word_1_248' title='bbox 865 2793 897 2828; x_wconf 91' lang='grc' dir='ltr'>τε</span> <span class='ocrx_word' id='word_1_249' title='bbox 914 2767 972 2829; x_wconf 83' lang='grc' dir='ltr'>οἶνί·</span> 
     </span>
     <span class='ocr_line' id='line_1_33' title="bbox 168 2850 972 2934; baseline 0.001 -18"><span class='ocrx_word' id='word_1_250' title='bbox 168 2855 294 2915; x_wconf 89' lang='grc' dir='ltr'>στασθαι</span> <span class='ocrx_word' id='word_1_251' title='bbox 320 2853 366 2912; x_wconf 86' lang='grc' dir='ltr'>καὶ</span> <span class='ocrx_word' id='word_1_252' title='bbox 392 2858 420 2916; x_wconf 92' lang='grc' dir='ltr'>ἐς</span> <span class='ocrx_word' id='word_1_253' title='bbox 445 2851 542 2928; x_wconf 76' lang='grc' dir='ltr'>οἷοιδῆν</span> <span class='ocrx_word' id='word_1_254' title='bbox 569 2850 758 2913; x_wconf 79' lang='grc' dir='ltr'>ἀπικνέεσθαι·</span> <span class='ocrx_word' id='word_1_255' title='bbox 792 2854 897 2916; x_wconf 89' lang='grc' dir='ltr'>τούτων</span> <span class='ocrx_word' id='word_1_256' title='bbox 919 2858 972 2934; x_wconf 85' lang='grc' dir='ltr'>μέν</span> 
     </span>
     <span class='ocr_line' id='line_1_34' title="bbox 170 2939 973 3023; baseline 0.002 -22"><span class='ocrx_word' id='word_1_257' title='bbox 170 2942 240 3020; x_wconf 72' lang='grc' dir='ltr'>αι’νιη</span> <span class='ocrx_word' id='word_1_258' title='bbox 256 2942 370 3023; x_wconf 90' lang='grc' dir='ltr'>λέγεται</span> <span class='ocrx_word' id='word_1_259' title='bbox 387 2942 478 3001; x_wconf 89' lang='grc' dir='ltr'>δίαιτα</span> <span class='ocrx_word' id='word_1_260' title='bbox 499 2940 578 3000; x_wconf 82' lang='grc' dir='ltr'>εἶναι.</span> <span class='ocrx_word' id='word_1_261' title='bbox 620 2939 635 3000; x_wconf 85' lang='grc' dir='ltr'>ό</span> <span class='ocrx_word' id='word_1_262' title='bbox 657 2941 687 3000; x_wconf 86' lang='grc' dir='ltr'>δὲ</span> <span class='ocrx_word' id='word_1_263' title='bbox 707 2940 827 3021; x_wconf 81' lang='grc' dir='ltr'>Ἀράξης</span> <span class='ocrx_word' id='word_1_264' title='bbox 844 2945 973 3022; x_wconf 82' lang='grc' dir='ltr'>ποταμός</span> 
     </span>
     <span class='ocr_line' id='line_1_35' title="bbox 167 3027 972 3108; baseline 0.006 -17"><span class='ocrx_word' id='word_1_265' title='bbox 167 3032 224 3107; x_wconf 82' lang='grc' dir='ltr'>ῥέει</span> <span class='ocrx_word' id='word_1_266' title='bbox 235 3033 286 3108; x_wconf 85' lang='grc' dir='ltr'>μέν</span> <span class='ocrx_word' id='word_1_267' title='bbox 300 3036 330 3090; x_wconf 93' lang='grc' dir='ltr'>ἐκ</span> <span class='ocrx_word' id='word_1_268' title='bbox 343 3033 499 3106; x_wconf 79' lang='grc' dir='ltr'>Ματιηνῶν,</span> <span class='ocrx_word' id='word_1_269' title='bbox 514 3027 579 3088; x_wconf 87' lang='grc' dir='ltr'>ὅθεν</span> <span class='ocrx_word' id='word_1_270' title='bbox 591 3053 645 3105; x_wconf 91' lang='grc' dir='ltr'>περ</span> <span class='ocrx_word' id='word_1_271' title='bbox 663 3028 678 3088; x_wconf 84' lang='grc' dir='ltr'>ὁ</span> <span class='ocrx_word' id='word_1_272' title='bbox 695 3030 800 3107; x_wconf 88' lang='grc' dir='ltr'>Γύνδης</span> <span class='ocrx_word' id='word_1_273' title='bbox 816 3030 867 3093; x_wconf 80' lang='grc' dir='ltr'>τόν</span> <span class='ocrx_word' id='word_1_274' title='bbox 880 3036 908 3095; x_wconf 91' lang='grc' dir='ltr'>ἐς</span> <span class='ocrx_word' id='word_1_275' title='bbox 920 3032 972 3096; x_wconf 82' lang='grc' dir='ltr'>τάς</span> 
     </span>
     <span class='ocr_line' id='line_1_36' title="bbox 168 3114 972 3196; baseline 0.001 -19"><span class='ocrx_word' id='word_1_276' title='bbox 168 3118 302 3196; x_wconf 78' lang='grc' dir='ltr'>διώρυχος</span> <span class='ocrx_word' id='word_1_277' title='bbox 324 3118 374 3180; x_wconf 82' lang='grc' dir='ltr'>τοὶς</span> <span class='ocrx_word' id='word_1_278' title='bbox 395 3114 527 3191; x_wconf 79' lang='grc' dir='ltr'>ἐξήκοντά</span> <span class='ocrx_word' id='word_1_279' title='bbox 549 3140 581 3173; x_wconf 83' lang='grc' dir='ltr'>τε</span> <span class='ocrx_word' id='word_1_280' title='bbox 605 3116 651 3174; x_wconf 85' lang='grc' dir='ltr'>καὶ</span> <span class='ocrx_word' id='word_1_281' title='bbox 670 3118 832 3194; x_wconf 82' lang='grc' dir='ltr'>τριηκοσίας</span> <span class='ocrx_word' id='word_1_282' title='bbox 853 3118 972 3195; x_wconf 89' lang='grc' dir='ltr'>διέλαβε</span> 
     </span>
     <span class='ocr_line' id='line_1_37' title="bbox 167 3201 971 3283; baseline 0.004 -19"><span class='ocrx_word' id='word_1_283' title='bbox 167 3204 186 3264; x_wconf 79' lang='grc' dir='ltr'>ό</span> <span class='ocrx_word' id='word_1_284' title='bbox 200 3210 301 3281; x_wconf 87' lang='grc' dir='ltr'>Κῦρος,</span> <span class='ocrx_word' id='word_1_285' title='bbox 315 3203 441 3281; x_wconf 82' lang='grc' dir='ltr'>στόμασι</span> <span class='ocrx_word' id='word_1_286' title='bbox 453 3203 484 3262; x_wconf 85' lang='grc' dir='ltr'>δέ</span> <span class='ocrx_word' id='word_1_287' title='bbox 496 3201 667 3282; x_wconf 81' lang='grc' dir='ltr'>ἐξερεύγεται</span> <span class='ocrx_word' id='word_1_288' title='bbox 679 3206 900 3283; x_wconf 86' lang='grc' dir='ltr'>τεσσαράκοντα,</span> <span class='ocrx_word' id='word_1_289' title='bbox 913 3210 971 3268; x_wconf 79' lang='grc' dir='ltr'>τῶν</span> 
     </span>
    </p>
   </div>
   <div class='ocr_carea' id='block_1_2' title="bbox 0 0 1080 3500">
    <p class='ocr_par' dir='ltr' id='par_1_6' title="bbox 0 0 1080 3500">
     <span class='ocr_line' id='line_1_38' title="bbox 0 0 1080 3500; baseline 0 2"><span class='ocrx_word' id='word_1_290' title='bbox 0 0 1080 3500; x_wconf 95' lang='lat' dir='ltr'> </span> 
     </span>
    </p>
   </div>
  </div>
 </body>
</html>
