2150 3500
179 110 227 159 2⁰4
483 112 668 163 ΗΡΟΔΟΨΟΤ
914 107 986 173 [m

176 188 344 267 α’λλόθροον,
367 194 546 270 μηχανῶνται
567 195 686 271 πρῆγμα
707 195 735 253 ἐς
757 187 843 249 αυτόν
860 187 986 248 τοιόνδε·

147 304 150 311 ’
176 275 251 352 ἦσαν
265 304 304 357 τῳ
290 278 397 357 Φόνη
410 279 538 342 παῖδες’
524 305 554 339 εν
570 278 703 360 Αἰγύπτῳ
717 277 984 353 καταλελειμμένοι·

176 366 241 430 τούς
260 365 411 474 ἀγαγόντες
431 373 459 430 ἐς
477 393 511 427 το
503 365 723 444 στρατόπεδον
741 366 787 424 καὶ
803 370 830 427 ἐς
850 363 921 441 ὄψιν
932 368 986 423 τοῦ

177 453 290 542 πατρὸς,
310 458 433 531 κρητῆρα
450 460 479 515 ἐν
493 454 573 533 μέσῳ
593 456 718 529 ἔστησαν
737 452 907 564 ἀμφοτέρων
927 456 986 511 τῶν

178 529 383 618 στρατοπέδων·
402 567 473 619 μετα
464 541 560 613 δὲ,’
542 542 697 624 αγινέοντες
713 566 783 600 κατα
797 541 845 600 ἕνα
859 540 985 599 ἕκαστον

178 634 233 689 τῶν
253 630 358 690 παιδων
379 631 533 707 ἐσφαζον’
519 655 548 694 ες
564 628 614 690 τόν
636 633 769 707 κρητῆρα·
801 627 848 687 δια
868 627 985 687 πάντων

178 716 209 775 δὲ
235 717 420 787 διεξελθόντες
448 722 503 778 τῶν
533 718 647 789 παίδων,
674 717 749 778 οἶνόν
776 742 808 776 τε
834 716 882 774 καὶ
912 715 927 737 '

181 804 334 881 ἐσεφόρεον
360 811 388 869 ἐς
414 804 506 865 αὐτόν·
549 804 694 882 ἐμπιόντες
726 804 756 863 δέ
784 807 835 864 τοῦ
861 803 985 880 αἵματος
1049 801 1050 814 ¹

179 892 279 957 πάντες
292 896 318 952 οἶ
332 895 472 971 ἐπίκουροι
491 892 563 953 οὕτω
578 892 612 969 δι)
631 893 802 969 συνέβαλον.
841 891 942 971 μόχης
953 892 984 950 δέ

179 982 328 1061 γενομένης
354 984 488 1058 καρτερῆς
514 982 561 1039 καὶ
586 980 730 1040 πεσόντων
755 980 787 1049 ἐξ
811 978 984 1056 ἀμφοτέρων

178 1073 234 1129 τῶν
261 1068 455 1146 στρατοπέδων
483 1068 589 1145 πλήθεΐ
621 1071 745 1138 πολλῶν,
772 1067 929 1144 ἐτράποντο
955 1071 984 1129 οἶ
1050 1063 1051 1078 ³

148 1172 150 1177 '
179 1155 336 1237 Αἰγύπτιοι.

134 1246 172 1304 12
221 1248 324 1321 Θῶυμα
345 1244 377 1304 δέ
403 1245 476 1325 μέγα
495 1244 555 1304 ’ίδον
574 1242 731 1322 πυθόμενος
750 1242 827 1321 παρὰ
845 1245 903 1302 τῶν
925 1248 983 1303 ἐπι-

181 1332 296 1411 χωρίων·
316 1336 372 1393 τῶν
387 1331 441 1413 γὰρ
463 1330 569 1392 ὀστέων
581 1332 802 1411 περικεχυμένων
813 1331 901 1410 χωρὶς
922 1335 983 1390 ἐκα-

180 1422 265 1498 τέρων
276 1425 332 1482 τῶν
350 1426 379 1481 ἐν
396 1424 432 1499 τῇ
452 1419 531 1499 μάχῃ
544 1420 633 1498 ταύτῃ
647 1419 799 1480 πεσόντων·
820 1420 919 1497 (χωρὶς
931 1423 984 1496 μὲν
1032 1429 1034 1432 ’

180 1509 235 1589 γαῖρ
261 1513 316 1569 τῶν
338 1509 473 1585 Περσέων
499 1509 590 1568 ἐκέετο
609 1507 647 1568 τὰ
666 1507 761 1578 ὀστέα,
781 1506 818 1571 ὦς
837 1509 984 1585 ἐχωρίσθη

181 1596 240 1656 κατ’
253 1595 350 1675 ἇρχιὶς,
366 1596 476 1673 ἑτέρωθι
496 1596 526 1655 δέ
541 1599 598 1655 τῶν
616 1596 794 1676 Αἰγυπτίων)
816 1598 846 1653 αἱ
861 1597 916 1671 μὲν
927 1600 984 1657 τῶν

181 1685 314 1762 Περσέων
327 1684 453 1760 κεφαλαί
464 1687 519 1743 εἶσι
533 1682 663 1748 ἀσθενέες
674 1682 752 1755 οὕτω,
764 1681 837 1743 ὥστε
851 1687 876 1743 εἰ
889 1684 983 1749 θέλεις

180 1773 266 1851 ψήφῳ
296 1771 385 1851 μούνῃ
419 1773 536 1849 βαλέειν
566 1773 772 1850 διατετρανέεις·
813 1775 843 1831 αἱ
869 1772 901 1831 δὲ
927 1777 983 1833 τῶν
1052 1812 1053 1815 =

179 1861 337 1941 Αἰγυπτίων
354 1859 424 1921 οὕτω
440 1859 474 1936 δή
490 1887 530 1920 τι·
540 1861 662 1940 ἰσχυραὶ,
678 1861 761 1942 μόγις
780 1856 815 1920 ἂν
829 1861 902 1940 λίθῳ
919 1864 982 1920 ποί·
996 1915 1007 1934 ,

180 1975 234 2012 σας
247 1948 428 2027 διαρρήξειας.
470 1949 559 2010 α’ίτιον
578 1949 608 2008 δὲ
620 1948 719 2009 τούτου
735 1948 799 2009 τόδε
813 1949 923 2030 ἔλεγον,
937 1950 982 2008 καὶ

182 2038 232 2116 ἐμέ
247 2036 274 2119 γ’
294 2037 425 2102 εὐπετέως
443 2038 562 2097 ἔπειθον·
583 2035 627 2097 ὅτι
642 2035 791 2116 Αἰγύπτιοι
809 2038 863 2112 μὲν
883 2035 983 2097 αὐτίκα

180 2125 236 2186 όπό
253 2126 369 2187 παιδίων
385 2123 534 2204 ἀρξόμενοι
555 2123 697 2201 ξυρεῦνπαι
713 2123 764 2188 τὰς
782 2124 920 2200 κεφαλὰς,
939 2125 983 2184 καὶ

179 2215 250 2293 πρδς
275 2213 325 2275 τόν
349 2213 432 2289 ἥλιον
458 2212 611 2291 παχόνεται
637 2213 670 2273 τδ
697 2211 807 2272 ὀστέον·
839 2213 934 2273 τώυτό
954 2215 983 2273 δέ

151 2319 154 2325 ’
180 2307 263 2364 τοῦτο
278 2303 386 2362 καὶτοῦ
399 2300 440 2379 μη
459 2301 678 2378 φαλακροῦσθαι
696 2299 786 2361 αἴτιόν
803 2302 877 2365 ἐστι·
898 2306 982 2383 Αἰγυ-

180 2391 266 2450 πτίων
291 2388 346 2471 γὰρ
374 2387 408 2448 ι’ίν
434 2411 476 2452 τις
503 2389 673 2467 ἐλαχίστους
698 2388 785 2448 ’ίδοιτο
816 2390 982 2468 φαλακροδς

178 2478 289 2538 πόντων
315 2475 473 2553 ἀνθρώπων·
514 2477 642 2536 τούτοισι
666 2478 719 2552 μὲν
745 2476 781 2552 δή
806 2477 893 2537 τοῦτό
920 2482 982 2538 ἐστι

180 2567 269 2626 αἴτιον
282 2563 400 2642 ἰσχυρᾶς
413 2564 524 2641 φορέειν
536 2564 587 2627 ταὶς
600 2562 736 2641 κεφαλάς.
772 2568 850 2625 τοῖσι
864 2565 895 2623 δὲ
908 2567 981 2643 Πέρ

179 2676 251 2733 σησι
277 2651 321 2713 ὅτι
347 2650 482 2715 ἀσθενέας
507 2652 645 2730 φορέουσι
664 2651 715 2715 τιίς
735 2652 871 2726 κεφαλὰς,
892 2654 982 2714 αἴτιον

178 2743 251 2804 τόδε·
285 2740 506 2818 σκιητροφέουσι
526 2739 558 2809 ἐξ
575 2739 665 2819 α’ρχης
689 2740 791 2804 πίλους
809 2738 909 2817 τιόρας
929 2747 981 2817 φο·

179 2832 296 2908 ρέοντες.
336 2834 424 2890 ταῦτα
437 2829 489 2906 μέν
501 2853 551 2888 νυν
565 2832 682 2889 τοιαῦτα
694 2827 776 2888 ἐόντα
788 2828 856 2888 δον·
877 2829 940 2890 Γδον
952 2829 982 2889 δέ

180 2919 226 2979 καὶ
252 2917 330 2977 ἄλλα
356 2915 441 2994 ὁμοῖα
462 2915 589 2976 τούτοισι
616 2920 645 2975 ἐν
671 2915 819 2993 Παπρήμι,
841 2920 899 2977 τῶν
921 2915 982 2993 ἅμα

177 3005 337 3084 Ἀχαιμένεϊ
361 3007 400 3082 τῷ
427 3002 547 3079 Δαρείου
573 3001 781 3080 διαφθαρέντων
803 3001 859 3063 ὕπδ
882 3003 982 3081 Ἰνάρω

177 3118 227 3152 του
214 3094 358 3168 Λίβυος.

132 3178 169 3237 13
219 3182 257 3238 Οἱ
283 3179 313 3237 δὲ
338 3178 487 3258 Αἰγύπτιοι
516 3179 548 3233 ἐκ
572 3177 624 3250 τῆς
649 3175 819 3255 μόχης,ὦς
846 3175 980 3255 ε’τρόπον·

179 3289 222 3332 το,
248 3266 367 3342 ἔφευγον
392 3263 482 3322 ουδενὶ
508 3259 615 3338 κόσμω.
658 3264 875 3340 κατειληθέντων
898 3266 967 3324 δὲ’
953 3292 981 3329 ες
