<?xml version="1.0" encoding="UTF-8"?>
<!DOCTYPE html PUBLIC "-//W3C//DTD XHTML 1.0 Transitional//EN"
    "http://www.w3.org/TR/xhtml1/DTD/xhtml1-transitional.dtd">
<html xmlns="http://www.w3.org/1999/xhtml" xml:lang="en" lang="en">
 <head>
  <title>
</title>
<meta http-equiv="Content-Type" content="text/html;charset=utf-8" />
  <meta name='ocr-system' content='tesseract 3.04.00' />
  <meta name='ocr-capabilities' content='ocr_page ocr_carea ocr_par ocr_line ocrx_word'/>
</head>
<body>
  <div class='ocr_page' id='page_1' title='image "./herodotus00blakgoog_0287.png"; bbox 0 0 2150 3500; ppageno 0'>
   <div class='ocr_carea' id='block_1_1' title="bbox 120 110 1054 3073">
    <p class='ocr_par' dir='ltr' id='par_1_1' title="bbox 170 110 971 177">
     <span class='ocr_line' id='line_1_1' title="bbox 170 110 971 177; baseline 0 -13"><span class='ocrx_word' id='word_1_1' title='bbox 170 113 219 167; x_wconf 78' lang='lat'>270</span> <span class='ocrx_word' id='word_1_2' title='bbox 480 113 664 163; x_wconf 73' lang='grc' dir='ltr'>Ἧνοιουοι</span> <span class='ocrx_word' id='word_1_3' title='bbox 907 110 971 177; x_wconf 88' lang='lat'>[111.</span> 
     </span>
    </p>

    <p class='ocr_par' dir='ltr' id='par_1_2' title="bbox 122 191 977 709">
     <span class='ocr_line' id='line_1_2' title="bbox 122 191 975 271; baseline 0.004 -18"><span class='ocrx_word' id='word_1_4' title='bbox 122 194 222 255; x_wconf 83' lang='grc' dir='ltr'>141τε</span> <span class='ocrx_word' id='word_1_5' title='bbox 242 193 333 269; x_wconf 81' lang='grc' dir='ltr'>φόνου</span> <span class='ocrx_word' id='word_1_6' title='bbox 355 195 402 254; x_wconf 90' lang='grc' dir='ltr'>καὶ</span> <span class='ocrx_word' id='word_1_7' title='bbox 424 191 696 271; x_wconf 80' lang='grc' dir='ltr'>ἔξανδραποδίσιος.”</span> <span class='ocrx_word' id='word_1_8' title='bbox 729 196 829 253; x_wconf 78' lang='grc' dir='ltr'>Ταῦτα</span> <span class='ocrx_word' id='word_1_9' title='bbox 851 192 975 257; x_wconf 72' lang='grc' dir='ltr'>ἀκούσας</span> 
     </span>
     <span class='ocr_line' id='line_1_3' title="bbox 169 280 974 361; baseline -0.002 -19"><span class='ocrx_word' id='word_1_10' title='bbox 169 286 296 359; x_wconf 82' lang='grc' dir='ltr'>Δαρεῖος,</span> <span class='ocrx_word' id='word_1_11' title='bbox 305 281 466 342; x_wconf 75' lang='grc' dir='ltr'>ἀπέστελλε</span> <span class='ocrx_word' id='word_1_12' title='bbox 478 282 615 358; x_wconf 87' lang='grc' dir='ltr'>στρατίην</span> <span class='ocrx_word' id='word_1_13' title='bbox 621 306 653 341; x_wconf 89' lang='grc' dir='ltr'>τε</span> <span class='ocrx_word' id='word_1_14' title='bbox 663 281 710 339; x_wconf 88' lang='grc' dir='ltr'>καὶ</span> <span class='ocrx_word' id='word_1_15' title='bbox 719 280 889 361; x_wconf 77' lang='grc' dir='ltr'>στρατηγὸν</span> <span class='ocrx_word' id='word_1_16' title='bbox 896 280 974 340; x_wconf 84' lang='grc' dir='ltr'>Ὀτά-</span> 
     </span>
     <span class='ocr_line' id='line_1_4' title="bbox 169 367 976 449; baseline -0.002 -19"><span class='ocrx_word' id='word_1_17' title='bbox 169 394 218 430; x_wconf 99' lang='grc' dir='ltr'>νεα</span> <span class='ocrx_word' id='word_1_18' title='bbox 237 368 343 446; x_wconf 81' lang='grc' dir='ltr'>ἀνδρῶν</span> <span class='ocrx_word' id='word_1_19' title='bbox 358 374 413 429; x_wconf 82' lang='grc' dir='ltr'>τῶν</span> <span class='ocrx_word' id='word_1_20' title='bbox 429 368 498 428; x_wconf 78' lang='grc' dir='ltr'>ἑπτά</span> <span class='ocrx_word' id='word_1_21' title='bbox 514 367 673 449; x_wconf 87' lang='grc' dir='ltr'>γενόμενον,</span> <span class='ocrx_word' id='word_1_22' title='bbox 689 368 888 445; x_wconf 84' lang='grc' dir='ltr'>ἐντειλάμενος</span> <span class='ocrx_word' id='word_1_23' title='bbox 906 367 976 428; x_wconf 84' lang='grc' dir='ltr'><strong><em>ὅσων</em></strong></span> 
     </span>
     <span class='ocr_line' id='line_1_5' title="bbox 170 455 976 533; baseline -0.005 -16"><span class='ocrx_word' id='word_1_24' title='bbox 170 456 268 533; x_wconf 78' lang='grc' dir='ltr'>ἐδεήθη</span> <span class='ocrx_word' id='word_1_25' title='bbox 283 456 299 517; x_wconf 81' lang='grc' dir='ltr'>ὁ</span> <span class='ocrx_word' id='word_1_26' title='bbox 313 458 449 521; x_wconf 80' lang='grc' dir='ltr'>Συλοσῶν</span> <span class='ocrx_word' id='word_1_27' title='bbox 462 455 551 516; x_wconf 78' lang='grc' dir='ltr'>ταῦτά</span> <span class='ocrx_word' id='word_1_28' title='bbox 564 458 592 515; x_wconf 87' lang='grc' dir='ltr'>οἱ</span> <span class='ocrx_word' id='word_1_29' title='bbox 604 457 710 515; x_wconf 79' lang='grc' dir='ltr'>ποιέειν</span> <span class='ocrx_word' id='word_1_30' title='bbox 723 456 869 519; x_wconf 88' lang='grc' dir='ltr'>ἐπιτελέα.</span> <span class='ocrx_word' id='word_1_31' title='bbox 897 481 976 515; x_wconf 89' lang='grc' dir='ltr'>κατα-</span> 
     </span>
     <span class='ocr_line' id='line_1_6' title="bbox 168 541 977 621; baseline 0 -18"><span class='ocrx_word' id='word_1_32' title='bbox 168 544 225 620; x_wconf 85' lang='grc' dir='ltr'>βοῖς</span> <span class='ocrx_word' id='word_1_33' title='bbox 246 544 276 603; x_wconf 85' lang='grc' dir='ltr'>δὲ</span> <span class='ocrx_word' id='word_1_34' title='bbox 297 544 343 603; x_wconf 83' lang='grc' dir='ltr'>ἐπὶ</span> <span class='ocrx_word' id='word_1_35' title='bbox 362 543 414 620; x_wconf 77' lang='grc' dir='ltr'>τὴν</span> <span class='ocrx_word' id='word_1_36' title='bbox 436 543 589 604; x_wconf 88' lang='grc' dir='ltr'>θάλασσαν</span> <span class='ocrx_word' id='word_1_37' title='bbox 607 542 624 603; x_wconf 80' lang='grc' dir='ltr'>ὁ</span> <span class='ocrx_word' id='word_1_38' title='bbox 643 541 764 619; x_wconf 79' lang='grc' dir='ltr'>Ὀτάνης</span> <span class='ocrx_word' id='word_1_39' title='bbox 783 543 910 604; x_wconf 81' lang='grc' dir='ltr'>ἔστελλε</span> <span class='ocrx_word' id='word_1_40' title='bbox 928 544 977 621; x_wconf 70' lang='grc' dir='ltr'>τὴν</span> 
     </span>
     <span class='ocr_line' id='line_1_7' title="bbox 170 630 315 709; baseline -0.014 -18"><span class='ocrx_word' id='word_1_41' title='bbox 170 630 315 709; x_wconf 81' lang='grc' dir='ltr'>στρατιήν.</span> 
     </span>
    </p>

    <p class='ocr_par' dir='ltr' id='par_1_3' title="bbox 123 716 1054 1413">
     <span class='ocr_line' id='line_1_8' title="bbox 123 716 977 798; baseline 0.002 -20"><span class='ocrx_word' id='word_1_42' title='bbox 123 720 180 778; x_wconf 76' lang='grc'>142</span> <span class='ocrx_word' id='word_1_43' title='bbox 221 722 278 795; x_wconf 78' lang='grc' dir='ltr'>Τῆς</span> <span class='ocrx_word' id='word_1_44' title='bbox 294 719 325 777; x_wconf 80' lang='grc' dir='ltr'>δὲ</span> <span class='ocrx_word' id='word_1_45' title='bbox 344 717 442 796; x_wconf 78' lang='grc' dir='ltr'>Σάμου</span> <span class='ocrx_word' id='word_1_46' title='bbox 459 717 632 797; x_wconf 77' lang='grc' dir='ltr'>Μαιάνδριος</span> <span class='ocrx_word' id='word_1_47' title='bbox 644 718 662 779; x_wconf 80' lang='grc' dir='ltr'><em>ὅ</em></span> <span class='ocrx_word' id='word_1_48' title='bbox 675 716 855 796; x_wconf 75' lang='grc' dir='ltr'>Μαιανδρίου</span> <span class='ocrx_word' id='word_1_49' title='bbox 874 718 934 798; x_wconf 86' lang='grc' dir='ltr'>εἶχε</span> <span class='ocrx_word' id='word_1_50' title='bbox 945 724 977 780; x_wconf 80' lang='grc' dir='ltr'>τὸ</span> 
     </span>
     <span class='ocr_line' id='line_1_9' title="bbox 169 806 978 884; baseline 0 -19"><span class='ocrx_word' id='word_1_51' title='bbox 169 806 278 883; x_wconf 89' lang='grc' dir='ltr'>κράτος,</span> <span class='ocrx_word' id='word_1_52' title='bbox 298 808 482 883; x_wconf 79' lang='grc' dir='ltr'>ἐπιτροπαίην</span> <span class='ocrx_word' id='word_1_53' title='bbox 499 808 577 884; x_wconf 84' lang='grc' dir='ltr'>παραὶ</span> <span class='ocrx_word' id='word_1_54' title='bbox 594 807 797 884; x_wconf 86' lang='grc' dir='ltr'>Πολυκράτεος</span> <span class='ocrx_word' id='word_1_55' title='bbox 811 807 978 884; x_wconf 78' lang='grc' dir='ltr'>λαβώντήν</span> 
     </span>
     <span class='ocr_line' id='line_1_10' title="bbox 169 893 976 973; baseline 0 -19"><span class='ocrx_word' id='word_1_56' title='bbox 169 894 268 973; x_wconf 77' lang='grc' dir='ltr'>ἀρχήν.</span> <span class='ocrx_word' id='word_1_57' title='bbox 302 899 342 973; x_wconf 77' lang='grc' dir='ltr'>τῷ</span> <span class='ocrx_word' id='word_1_58' title='bbox 358 893 521 973; x_wconf 80' lang='grc' dir='ltr'>δικαιοτάτῳ</span> <span class='ocrx_word' id='word_1_59' title='bbox 533 894 641 972; x_wconf 76' lang='grc' dir='ltr'>ἀνδρῶν</span> <span class='ocrx_word' id='word_1_60' title='bbox 652 895 822 973; x_wconf 83' lang='grc' dir='ltr'>βουλομένῳ</span> <span class='ocrx_word' id='word_1_61' title='bbox 834 895 976 973; x_wconf 84' lang='grc' dir='ltr'>γενέσθαι,</span> 
     </span>
     <span class='ocr_line' id='line_1_11' title="bbox 170 980 977 1066; baseline 0 -25"><span class='ocrx_word' id='word_1_62' title='bbox 170 980 219 1041; x_wconf 77' lang='grc' dir='ltr'>οὐκ</span> <span class='ocrx_word' id='word_1_63' title='bbox 233 982 382 1063; x_wconf 83' lang='grc' dir='ltr'>ἐξεγένετο·</span> <span class='ocrx_word' id='word_1_64' title='bbox 404 982 498 1059; x_wconf 72' lang='grc' dir='ltr'>ἐπειδὴ</span> <span class='ocrx_word' id='word_1_65' title='bbox 513 981 568 1063; x_wconf 85' lang='grc' dir='ltr'>γάρ</span> <span class='ocrx_word' id='word_1_66' title='bbox 582 985 610 1041; x_wconf 89' lang='grc' dir='ltr'>οἱ</span> <span class='ocrx_word' id='word_1_67' title='bbox 622 982 782 1063; x_wconf 80' lang='grc' dir='ltr'>ἐξαγγέλθη</span> <span class='ocrx_word' id='word_1_68' title='bbox 795 981 818 1066; x_wconf 73' lang='grc' dir='ltr'>ὁι</span> <span class='ocrx_word' id='word_1_69' title='bbox 827 980 977 1059; x_wconf 88' lang='grc' dir='ltr'>Πολυκρά-</span> 
     </span>
     <span class='ocr_line' id='line_1_12' title="bbox 171 1068 976 1146; baseline 0 -17"><span class='ocrx_word' id='word_1_70' title='bbox 171 1095 233 1133; x_wconf 90' lang='grc' dir='ltr'>τεος</span> <span class='ocrx_word' id='word_1_71' title='bbox 249 1069 376 1141; x_wconf 90' lang='grc' dir='ltr'>θάνατος,</span> <span class='ocrx_word' id='word_1_72' title='bbox 391 1070 481 1130; x_wconf 84' lang='grc' dir='ltr'>ἐποίεε</span> <span class='ocrx_word' id='word_1_73' title='bbox 497 1069 602 1129; x_wconf 86' lang='grc' dir='ltr'>τοιάδε·</span> <span class='ocrx_word' id='word_1_74' title='bbox 622 1073 719 1146; x_wconf 80' lang='grc' dir='ltr'>πρῶτα</span> <span class='ocrx_word' id='word_1_75' title='bbox 731 1072 784 1145; x_wconf 81' lang='grc' dir='ltr'>μὲν</span> <span class='ocrx_word' id='word_1_76' title='bbox 797 1069 870 1133; x_wconf 82' lang='grc' dir='ltr'>Διδς</span> <span class='ocrx_word' id='word_1_77' title='bbox 882 1068 976 1129; x_wconf 85' lang='grc' dir='ltr'>Ἐλευ-</span> 
     </span>
     <span class='ocr_line' id='line_1_13' title="bbox 171 1157 977 1243; baseline 0.001 -27"><span class='ocrx_word' id='word_1_78' title='bbox 171 1158 264 1235; x_wconf 89' lang='grc' dir='ltr'>θερίου</span> <span class='ocrx_word' id='word_1_79' title='bbox 290 1157 399 1243; x_wconf 73' lang='grc' dir='ltr'>βωμὸν1</span> <span class='ocrx_word' id='word_1_80' title='bbox 416 1157 558 1235; x_wconf 77' lang='grc' dir='ltr'>ἱδρύσατο,</span> <span class='ocrx_word' id='word_1_81' title='bbox 586 1158 633 1217; x_wconf 87' lang='grc' dir='ltr'>καὶ</span> <span class='ocrx_word' id='word_1_82' title='bbox 657 1159 772 1233; x_wconf 89' lang='grc' dir='ltr'>τέμενος</span> <span class='ocrx_word' id='word_1_83' title='bbox 796 1157 867 1234; x_wconf 81' lang='grc' dir='ltr'>περὶ</span> <span class='ocrx_word' id='word_1_84' title='bbox 892 1157 977 1219; x_wconf 78' lang='grc' dir='ltr'>αὖτδν</span> 
     </span>
     <span class='ocr_line' id='line_1_14' title="bbox 171 1245 1054 1324; baseline 0.001 -19"><span class='ocrx_word' id='word_1_85' title='bbox 171 1245 267 1324; x_wconf 79' lang='grc' dir='ltr'>οὔρισε</span> <span class='ocrx_word' id='word_1_86' title='bbox 280 1251 364 1307; x_wconf 84' lang='grc' dir='ltr'>τοῦτο</span> <span class='ocrx_word' id='word_1_87' title='bbox 377 1246 410 1305; x_wconf 83' lang='grc' dir='ltr'><em>τό</em></span> <span class='ocrx_word' id='word_1_88' title='bbox 424 1250 473 1305; x_wconf 80' lang='grc' dir='ltr'>νῦν</span> <span class='ocrx_word' id='word_1_89' title='bbox 486 1249 516 1305; x_wconf 89' lang='grc' dir='ltr'>ἐν</span> <span class='ocrx_word' id='word_1_90' title='bbox 528 1250 567 1323; x_wconf 75' lang='grc' dir='ltr'>τῷ</span> <span class='ocrx_word' id='word_1_91' title='bbox 579 1246 744 1323; x_wconf 82' lang='grc' dir='ltr'>προαστηὶιρ</span> <span class='ocrx_word' id='word_1_92' title='bbox 757 1246 831 1305; x_wconf 84' lang='grc' dir='ltr'>ἐστί·</span> <span class='ocrx_word' id='word_1_93' title='bbox 850 1246 927 1321; x_wconf 77' lang='grc' dir='ltr'>μετά</span> <span class='ocrx_word' id='word_1_94' title='bbox 938 1246 976 1316; x_wconf 78' lang='grc' dir='ltr'>δὲ,</span> <span class='ocrx_word' id='word_1_95' title='bbox 1052 1265 1054 1270; x_wconf 89' lang='grc'><strong>“</strong></span> 
     </span>
     <span class='ocr_line' id='line_1_15' title="bbox 172 1332 978 1413; baseline 0 -20"><span class='ocrx_word' id='word_1_96' title='bbox 172 1332 208 1397; x_wconf 82' lang='grc' dir='ltr'>ὥς</span> <span class='ocrx_word' id='word_1_97' title='bbox 226 1338 253 1395; x_wconf 90' lang='grc' dir='ltr'>οἱ</span> <span class='ocrx_word' id='word_1_98' title='bbox 272 1334 430 1410; x_wconf 82' lang='grc' dir='ltr'>ἐπεποίητο,</span> <span class='ocrx_word' id='word_1_99' title='bbox 444 1334 598 1409; x_wconf 86' lang='grc' dir='ltr'>ἐκκλησίην</span> <span class='ocrx_word' id='word_1_100' title='bbox 616 1334 782 1413; x_wconf 82' lang='grc' dir='ltr'>συναγείρας</span> <span class='ocrx_word' id='word_1_101' title='bbox 794 1332 911 1393; x_wconf 87' lang='grc' dir='ltr'>πάντων</span> <span class='ocrx_word' id='word_1_102' title='bbox 921 1338 978 1393; x_wconf 74' lang='grc' dir='ltr'>τῶν</span> 
     </span>
    </p>

    <p class='ocr_par' dir='ltr' id='par_1_4' title="bbox 132 1420 1054 2907">
     <span class='ocr_line' id='line_1_16' title="bbox 132 1420 978 1497; baseline 0.002 -18"><span class='ocrx_word' id='word_1_103' title='bbox 132 1470 137 1479; x_wconf 85' lang='grc'>.</span> <span class='ocrx_word' id='word_1_104' title='bbox 171 1421 266 1483; x_wconf 83' lang='grc' dir='ltr'>α’στῶν</span> <span class='ocrx_word' id='word_1_105' title='bbox 283 1422 360 1491; x_wconf 80' lang='grc' dir='ltr'>ἔλεξε</span> <span class='ocrx_word' id='word_1_106' title='bbox 380 1421 454 1480; x_wconf 86' lang='grc' dir='ltr'>τάδε·</span> <span class='ocrx_word' id='word_1_107' title='bbox 476 1428 495 1456; x_wconf 85' lang='grc'><strong>“</strong></span> <span class='ocrx_word' id='word_1_108' title='bbox 505 1421 577 1497; x_wconf 83' lang='grc' dir='ltr'>ἐμοὶ,</span> <span class='ocrx_word' id='word_1_109' title='bbox 594 1420 630 1483; x_wconf 78' lang='grc' dir='ltr'>οἱς</span> <span class='ocrx_word' id='word_1_110' title='bbox 647 1421 711 1481; x_wconf 87' lang='grc' dir='ltr'>ἱστε</span> <span class='ocrx_word' id='word_1_111' title='bbox 723 1422 770 1480; x_wconf 85' lang='grc' dir='ltr'>καὶ</span> <span class='ocrx_word' id='word_1_112' title='bbox 782 1420 872 1497; x_wconf 71' lang='grc' dir='ltr'>ὑμεῖς,</span> <span class='ocrx_word' id='word_1_113' title='bbox 885 1425 978 1497; x_wconf 80' lang='grc' dir='ltr'>σκῆπ-</span> 
     </span>
     <span class='ocr_line' id='line_1_17' title="bbox 169 1507 1054 1586; baseline 0 -19"><span class='ocrx_word' id='word_1_114' title='bbox 169 1535 236 1586; x_wconf 90' lang='grc' dir='ltr'>τρον</span> <span class='ocrx_word' id='word_1_115' title='bbox 249 1511 295 1569; x_wconf 87' lang='grc' dir='ltr'>καὶ</span> <span class='ocrx_word' id='word_1_116' title='bbox 309 1510 421 1585; x_wconf 87' lang='grc' dir='ltr'>δύναμις</span> <span class='ocrx_word' id='word_1_117' title='bbox 433 1511 514 1567; x_wconf 81' lang='grc' dir='ltr'>πᾶσα</span> <span class='ocrx_word' id='word_1_118' title='bbox 526 1508 546 1583; x_wconf 80' lang='grc' dir='ltr'><em>ἦ</em></span> <span class='ocrx_word' id='word_1_119' title='bbox 559 1507 757 1584; x_wconf 85' lang='grc' dir='ltr'>Πολυκράτεος</span> <span class='ocrx_word' id='word_1_120' title='bbox 767 1509 977 1585; x_wconf 84' lang='grc' dir='ltr'>ἐπιτέτραπται,</span> <span class='ocrx_word' id='word_1_121' title='bbox 1052 1529 1054 1558; x_wconf 67' lang='lat'>³</span> 
     </span>
     <span class='ocr_line' id='line_1_18' title="bbox 170 1578 979 1679; baseline 0.002 -24"><span class='ocrx_word' id='word_1_122' title='bbox 170 1598 220 1655; x_wconf 88' lang='grc' dir='ltr'>καί</span> <span class='ocrx_word' id='word_1_123' title='bbox 237 1623 287 1673; x_wconf 88' lang='grc' dir='ltr'>μοι</span> <span class='ocrx_word' id='word_1_124' title='bbox 308 1598 425 1675; x_wconf 84' lang='grc' dir='ltr'>παρέχει</span> <span class='ocrx_word' id='word_1_125' title='bbox 445 1599 494 1657; x_wconf 83' lang='grc' dir='ltr'>νῦν</span> <span class='ocrx_word' id='word_1_126' title='bbox 514 1596 604 1679; x_wconf 73' lang='grc' dir='ltr'>ὑμέων</span> <span class='ocrx_word' id='word_1_127' title='bbox 623 1595 729 1675; x_wconf 83' lang='grc' dir='ltr'>άρχειν·</span> <span class='ocrx_word' id='word_1_128' title='bbox 756 1578 812 1677; x_wconf 67' lang='grc' dir='ltr'>ἐγαὶ</span> <span class='ocrx_word' id='word_1_129' title='bbox 831 1597 864 1656; x_wconf 84' lang='grc' dir='ltr'>δέ</span> <span class='ocrx_word' id='word_1_130' title='bbox 883 1598 920 1657; x_wconf 75' lang='grc' dir='ltr'>τά</span> <span class='ocrx_word' id='word_1_131' title='bbox 938 1602 979 1678; x_wconf 75' lang='grc' dir='ltr'>τῷ</span> 
     </span>
     <span class='ocr_line' id='line_1_19' title="bbox 168 1681 978 1761; baseline 0.002 -19"><span class='ocrx_word' id='word_1_132' title='bbox 168 1684 258 1748; x_wconf 85' lang='grc' dir='ltr'>πέλας</span> <span class='ocrx_word' id='word_1_133' title='bbox 278 1683 449 1760; x_wconf 83' lang='grc' dir='ltr'>ἐπιπλήσσω</span> <span class='ocrx_word' id='word_1_134' title='bbox 469 1681 553 1748; x_wconf 71' lang='grc' dir='ltr'>αὐτὸς</span> <span class='ocrx_word' id='word_1_135' title='bbox 572 1682 644 1743; x_wconf 71' lang='grc' dir='ltr'>κατοῖ</span> <span class='ocrx_word' id='word_1_136' title='bbox 663 1683 779 1761; x_wconf 80' lang='grc' dir='ltr'>δύναμιν</span> <span class='ocrx_word' id='word_1_137' title='bbox 798 1683 833 1744; x_wconf 77' lang='grc' dir='ltr'>οὗ</span> <span class='ocrx_word' id='word_1_138' title='bbox 850 1685 978 1761; x_wconf 80' lang='grc' dir='ltr'>ποιήσω·</span> 
     </span>
     <span class='ocr_line' id='line_1_20' title="bbox 170 1770 978 1852; baseline 0.005 -21"><span class='ocrx_word' id='word_1_139' title='bbox 170 1770 235 1831; x_wconf 75' lang='grc' dir='ltr'>οὔτε</span> <span class='ocrx_word' id='word_1_140' title='bbox 249 1771 304 1852; x_wconf 87' lang='grc' dir='ltr'>γάρ</span> <span class='ocrx_word' id='word_1_141' title='bbox 319 1797 369 1848; x_wconf 90' lang='grc' dir='ltr'>μοι</span> <span class='ocrx_word' id='word_1_142' title='bbox 387 1770 575 1849; x_wconf 88' lang='grc' dir='ltr'>Πολυκράτης</span> <span class='ocrx_word' id='word_1_143' title='bbox 594 1771 698 1848; x_wconf 81' lang='grc' dir='ltr'>ἤρεσκε</span> <span class='ocrx_word' id='word_1_144' title='bbox 711 1771 854 1843; x_wconf 84' lang='grc' dir='ltr'>δεσπόζων</span> <span class='ocrx_word' id='word_1_145' title='bbox 866 1772 978 1852; x_wconf 74' lang='grc' dir='ltr'>ἀνδρῶν</span> 
     </span>
     <span class='ocr_line' id='line_1_21' title="bbox 170 1857 1054 1937; baseline 0.006 -19"><span class='ocrx_word' id='word_1_146' title='bbox 170 1859 273 1936; x_wconf 83' lang='grc' dir='ltr'>ὁμοίων</span> <span class='ocrx_word' id='word_1_147' title='bbox 301 1862 397 1937; x_wconf 75' lang='grc' dir='ltr'>ἑωυτῷ,</span> <span class='ocrx_word' id='word_1_148' title='bbox 426 1858 489 1919; x_wconf 76' lang='grc' dir='ltr'>οὔτε</span> <span class='ocrx_word' id='word_1_149' title='bbox 515 1857 606 1923; x_wconf 82' lang='grc' dir='ltr'>ἄλλος</span> <span class='ocrx_word' id='word_1_150' title='bbox 631 1858 712 1923; x_wconf 81' lang='grc' dir='ltr'>ὅστις</span> <span class='ocrx_word' id='word_1_151' title='bbox 736 1864 852 1920; x_wconf 80' lang='grc' dir='ltr'>τοιαῦτα</span> <span class='ocrx_word' id='word_1_152' title='bbox 875 1862 977 1923; x_wconf 86' lang='grc' dir='ltr'>ποιέει.</span> <span class='ocrx_word' id='word_1_153' title='bbox 1052 1858 1054 1865; x_wconf 53' lang='grc'><strong>’</strong></span> 
     </span>
     <span class='ocr_line' id='line_1_22' title="bbox 170 1946 1054 2026; baseline 0.005 -19"><span class='ocrx_word' id='word_1_154' title='bbox 170 1946 356 2024; x_wconf 85' lang='grc' dir='ltr'>Πολυκράτης</span> <span class='ocrx_word' id='word_1_155' title='bbox 375 1948 427 2024; x_wconf 88' lang='grc' dir='ltr'>μέν</span> <span class='ocrx_word' id='word_1_156' title='bbox 447 1973 496 2007; x_wconf 93' lang='grc' dir='ltr'>νυν</span> <span class='ocrx_word' id='word_1_157' title='bbox 515 1946 657 2024; x_wconf 85' lang='grc' dir='ltr'>ἐξέπλησε</span> <span class='ocrx_word' id='word_1_158' title='bbox 672 1951 773 2026; x_wconf 80' lang='grc' dir='ltr'>μοῖραν</span> <span class='ocrx_word' id='word_1_159' title='bbox 789 1948 843 2024; x_wconf 76' lang='grc' dir='ltr'>τὴν</span> <span class='ocrx_word' id='word_1_160' title='bbox 860 1953 977 2011; x_wconf 74' lang='grc' dir='ltr'>ἐοαντοῦ·</span> <span class='ocrx_word' id='word_1_161' title='bbox 1052 1962 1054 1994; x_wconf 74' lang='lat'><em>³</em></span> 
     </span>
     <span class='ocr_line' id='line_1_23' title="bbox 173 2033 1054 2116; baseline 0.005 -22"><span class='ocrx_word' id='word_1_162' title='bbox 173 2035 227 2116; x_wconf 80' lang='grc' dir='ltr'>ε’γοὶ</span> <span class='ocrx_word' id='word_1_163' title='bbox 249 2035 279 2095; x_wconf 88' lang='grc' dir='ltr'>δέ</span> <span class='ocrx_word' id='word_1_164' title='bbox 297 2039 325 2100; x_wconf 85' lang='grc' dir='ltr'>ἐς</span> <span class='ocrx_word' id='word_1_165' title='bbox 344 2036 434 2113; x_wconf 86' lang='grc' dir='ltr'>μέσον</span> <span class='ocrx_word' id='word_1_166' title='bbox 453 2034 505 2110; x_wconf 76' lang='grc' dir='ltr'>την</span> <span class='ocrx_word' id='word_1_167' title='bbox 525 2033 617 2114; x_wconf 71' lang='grc' dir='ltr'>ἀρχὴν</span> <span class='ocrx_word' id='word_1_168' title='bbox 635 2037 721 2099; x_wconf 82' lang='grc' dir='ltr'>τιθεὶς</span> <span class='ocrx_word' id='word_1_169' title='bbox 740 2037 889 2113; x_wconf 80' lang='grc' dir='ltr'>ἰσονομίην</span> <span class='ocrx_word' id='word_1_170' title='bbox 908 2037 979 2115; x_wconf 80' lang='grc' dir='ltr'>ὖμῖν</span> <span class='ocrx_word' id='word_1_171' title='bbox 1052 2080 1054 2083; x_wconf 95' lang='grc'>-</span> 
     </span>
     <span class='ocr_line' id='line_1_24' title="bbox 170 2121 1054 2206; baseline 0.002 -24"><span class='ocrx_word' id='word_1_172' title='bbox 170 2124 359 2205; x_wconf 81' lang='grc' dir='ltr'>προαγορεύω.</span> <span class='ocrx_word' id='word_1_173' title='bbox 392 2121 496 2184; x_wconf 86' lang='grc' dir='ltr'>τοσάδε</span> <span class='ocrx_word' id='word_1_174' title='bbox 513 2124 610 2199; x_wconf 92' lang='grc' dir='ltr'>μέντοι</span> <span class='ocrx_word' id='word_1_175' title='bbox 629 2122 725 2182; x_wconf 78' lang='grc' dir='ltr'>δικαιῶ</span> <span class='ocrx_word' id='word_1_176' title='bbox 744 2123 828 2205; x_wconf 86' lang='grc' dir='ltr'>γέρεα</span> <span class='ocrx_word' id='word_1_177' title='bbox 846 2130 979 2206; x_wconf 70' lang='grc' dir='ltr'>ἐμεοππῷ</span> <span class='ocrx_word' id='word_1_178' title='bbox 1052 2196 1054 2199; x_wconf 22' lang='lat'>¹</span> 
     </span>
     <span class='ocr_line' id='line_1_25' title="bbox 171 2210 979 2292; baseline 0.003 -20"><span class='ocrx_word' id='word_1_179' title='bbox 171 2214 313 2292; x_wconf 89' lang='grc' dir='ltr'>γενέσθαι·</span> <span class='ocrx_word' id='word_1_180' title='bbox 341 2217 371 2272; x_wconf 85' lang='grc' dir='ltr'>ἐκ</span> <span class='ocrx_word' id='word_1_181' title='bbox 392 2212 444 2289; x_wconf 91' lang='grc' dir='ltr'>μέν</span> <span class='ocrx_word' id='word_1_182' title='bbox 466 2236 500 2292; x_wconf 86' lang='grc' dir='ltr'>γε</span> <span class='ocrx_word' id='word_1_183' title='bbox 521 2214 577 2272; x_wconf 83' lang='grc' dir='ltr'>τῶν</span> <span class='ocrx_word' id='word_1_184' title='bbox 600 2210 799 2289; x_wconf 87' lang='grc' dir='ltr'>Πολυκράτεος</span> <span class='ocrx_word' id='word_1_185' title='bbox 822 2213 979 2291; x_wconf 89' lang='grc' dir='ltr'>χρημάτων</span> 
     </span>
     <span class='ocr_line' id='line_1_26' title="bbox 171 2299 978 2381; baseline 0.004 -23"><span class='ocrx_word' id='word_1_186' title='bbox 171 2299 297 2377; x_wconf 83' lang='grc' dir='ltr'>ἐξαίρετα</span> <span class='ocrx_word' id='word_1_187' title='bbox 311 2301 343 2371; x_wconf 80' lang='grc' dir='ltr'>ἐξ</span> <span class='ocrx_word' id='word_1_188' title='bbox 354 2299 479 2361; x_wconf 89' lang='grc' dir='ltr'>τάλαντά</span> <span class='ocrx_word' id='word_1_189' title='bbox 491 2325 542 2377; x_wconf 86' lang='grc' dir='ltr'>μοι</span> <span class='ocrx_word' id='word_1_190' title='bbox 554 2300 695 2381; x_wconf 88' lang='grc' dir='ltr'>γενέσθαι·</span> <span class='ocrx_word' id='word_1_191' title='bbox 717 2299 895 2377; x_wconf 77' lang='grc' dir='ltr'>ἱρωσύνηνδὲ</span> <span class='ocrx_word' id='word_1_192' title='bbox 904 2303 978 2380; x_wconf 71' lang='grc' dir='ltr'>πρὸς</span> 
     </span>
     <span class='ocr_line' id='line_1_27' title="bbox 170 2387 977 2466; baseline 0.004 -20"><span class='ocrx_word' id='word_1_193' title='bbox 170 2387 297 2448; x_wconf 84' lang='grc' dir='ltr'>τούτοισι</span> <span class='ocrx_word' id='word_1_194' title='bbox 315 2391 444 2465; x_wconf 78' lang='grc' dir='ltr'>αἱρεῦμαι</span> <span class='ocrx_word' id='word_1_195' title='bbox 464 2387 539 2466; x_wconf 78' lang='grc' dir='ltr'>αὐτῷ</span> <span class='ocrx_word' id='word_1_196' title='bbox 553 2387 577 2447; x_wconf 89' lang='grc' dir='ltr'>τ’</span> <span class='ocrx_word' id='word_1_197' title='bbox 595 2388 658 2465; x_wconf 87' lang='grc' dir='ltr'>ἐμοὶ</span> <span class='ocrx_word' id='word_1_198' title='bbox 678 2388 724 2446; x_wconf 82' lang='grc' dir='ltr'>καὶ</span> <span class='ocrx_word' id='word_1_199' title='bbox 743 2391 821 2448; x_wconf 82' lang='grc' dir='ltr'>τοῖσι</span> <span class='ocrx_word' id='word_1_200' title='bbox 840 2387 891 2447; x_wconf 77' lang='grc' dir='ltr'>ἀπ’</span> <span class='ocrx_word' id='word_1_201' title='bbox 907 2393 977 2466; x_wconf 74' lang='grc' dir='ltr'>ἐμεῦ</span> 
     </span>
     <span class='ocr_line' id='line_1_28' title="bbox 171 2466 1054 2557; baseline 0.007 -24"><span class='ocrx_word' id='word_1_202' title='bbox 171 2474 225 2534; x_wconf 82' lang='grc' dir='ltr'>αἰεὶ</span> <span class='ocrx_word' id='word_1_203' title='bbox 243 2476 425 2556; x_wconf 76' lang='grc' dir='ltr'>γινομένοισι,</span> <span class='ocrx_word' id='word_1_204' title='bbox 446 2478 497 2534; x_wconf 83' lang='grc' dir='ltr'>τοῦ</span> <span class='ocrx_word' id='word_1_205' title='bbox 514 2474 584 2538; x_wconf 79' lang='grc' dir='ltr'>Διός</span> <span class='ocrx_word' id='word_1_206' title='bbox 598 2479 649 2536; x_wconf 85' lang='grc' dir='ltr'>τοῦ</span> <span class='ocrx_word' id='word_1_207' title='bbox 666 2474 854 2552; x_wconf 85' lang='grc' dir='ltr'>Ἐλευθερίου·</span> <span class='ocrx_word' id='word_1_208' title='bbox 874 2481 915 2557; x_wconf 74' lang='grc' dir='ltr'>τῷ</span> <span class='ocrx_word' id='word_1_209' title='bbox 927 2478 977 2539; x_wconf 77' lang='grc' dir='ltr'>αὖ·</span> <span class='ocrx_word' id='word_1_210' title='bbox 1052 2466 1054 2497; x_wconf 51' lang='lat'><em>³</em></span> 
     </span>
     <span class='ocr_line' id='line_1_29' title="bbox 169 2559 977 2642; baseline 0.005 -21"><span class='ocrx_word' id='word_1_211' title='bbox 169 2561 218 2624; x_wconf 81' lang='grc' dir='ltr'>τός</span> <span class='ocrx_word' id='word_1_212' title='bbox 229 2585 260 2622; x_wconf 89' lang='grc' dir='ltr'>τε</span> <span class='ocrx_word' id='word_1_213' title='bbox 274 2560 334 2637; x_wconf 82' lang='grc' dir='ltr'>ἱρὸν</span> <span class='ocrx_word' id='word_1_214' title='bbox 348 2559 513 2637; x_wconf 80' lang='grc' dir='ltr'>ἱδρυσάμην,</span> <span class='ocrx_word' id='word_1_215' title='bbox 527 2563 574 2621; x_wconf 84' lang='grc' dir='ltr'>καὶ</span> <span class='ocrx_word' id='word_1_216' title='bbox 586 2563 639 2638; x_wconf 78' lang='grc' dir='ltr'>την</span> <span class='ocrx_word' id='word_1_217' title='bbox 652 2562 811 2640; x_wconf 84' lang='grc' dir='ltr'>ἐλευθερίην</span> <span class='ocrx_word' id='word_1_218' title='bbox 820 2562 888 2640; x_wconf 70' lang='grc' dir='ltr'>ύμῖν</span> <span class='ocrx_word' id='word_1_219' title='bbox 898 2590 977 2642; x_wconf 90' lang='grc' dir='ltr'>περι·</span> 
     </span>
     <span class='ocr_line' id='line_1_30' title="bbox 172 2642 975 2734; baseline 0.005 -24"><span class='ocrx_word' id='word_1_220' title='bbox 172 2646 294 2726; x_wconf 88' lang='grc' dir='ltr'>τίθημι.”</span> <span class='ocrx_word' id='word_1_221' title='bbox 327 2645 344 2708; x_wconf 82' lang='grc' dir='ltr'><em>ὅ</em></span> <span class='ocrx_word' id='word_1_222' title='bbox 358 2647 411 2724; x_wconf 82' lang='grc' dir='ltr'>μὲν</span> <span class='ocrx_word' id='word_1_223' title='bbox 426 2647 461 2722; x_wconf 77' lang='grc' dir='ltr'>δι)</span> <span class='ocrx_word' id='word_1_224' title='bbox 476 2642 568 2708; x_wconf 79' lang='grc' dir='ltr'>ταῦτα</span> <span class='ocrx_word' id='word_1_225' title='bbox 583 2654 662 2710; x_wconf 83' lang='grc' dir='ltr'>τοῖσι</span> <span class='ocrx_word' id='word_1_226' title='bbox 680 2650 815 2727; x_wconf 81' lang='grc' dir='ltr'>Σαμίοισι</span> <span class='ocrx_word' id='word_1_227' title='bbox 834 2655 975 2734; x_wconf 83' lang='grc' dir='ltr'>ἐπαγγέλ-</span> 
     </span>
     <span class='ocr_line' id='line_1_31' title="bbox 170 2736 979 2810; baseline 0.002 -14"><span class='ocrx_word' id='word_1_228' title='bbox 170 2742 246 2798; x_wconf 85' lang='grc' dir='ltr'>λετο·</span> <span class='ocrx_word' id='word_1_229' title='bbox 267 2739 322 2797; x_wconf 81' lang='grc' dir='ltr'>τῶν</span> <span class='ocrx_word' id='word_1_230' title='bbox 335 2736 367 2796; x_wconf 89' lang='grc' dir='ltr'>δέ</span> <span class='ocrx_word' id='word_1_231' title='bbox 378 2763 420 2801; x_wconf 88' lang='grc' dir='ltr'>τις</span> <span class='ocrx_word' id='word_1_232' title='bbox 434 2736 587 2807; x_wconf 77' lang='grc' dir='ltr'>ἐξαναστάς</span> <span class='ocrx_word' id='word_1_233' title='bbox 597 2738 666 2799; x_wconf 74' lang='grc' dir='ltr'>εἷπε·</span> <span class='ocrx_word' id='word_1_234' title='bbox 687 2737 779 2797; x_wconf 83' lang='grc' dir='ltr'>“άλλ’</span> <span class='ocrx_word' id='word_1_235' title='bbox 790 2737 848 2798; x_wconf 79' lang='grc' dir='ltr'>οὔδ’</span> <span class='ocrx_word' id='word_1_236' title='bbox 857 2739 938 2810; x_wconf 78' lang='grc' dir='ltr'>άξιος</span> <span class='ocrx_word' id='word_1_237' title='bbox 951 2743 979 2803; x_wconf 76' lang='grc' dir='ltr'>εἴ</span> 
     </span>
     <span class='ocr_line' id='line_1_32' title="bbox 170 2824 1054 2907; baseline 0.01 -25"><span class='ocrx_word' id='word_1_238' title='bbox 170 2824 209 2882; x_wconf 78' lang='grc' dir='ltr'>σύ</span> <span class='ocrx_word' id='word_1_239' title='bbox 227 2850 261 2904; x_wconf 92' lang='grc' dir='ltr'>γε</span> <span class='ocrx_word' id='word_1_240' title='bbox 276 2824 369 2901; x_wconf 85' lang='grc' dir='ltr'>ἡμέων</span> <span class='ocrx_word' id='word_1_241' title='bbox 384 2824 488 2904; x_wconf 79' lang='grc' dir='ltr'>ἄρχειν,</span> <span class='ocrx_word' id='word_1_242' title='bbox 505 2825 626 2905; x_wconf 73' lang='grc' dir='ltr'>γεγονώς</span> <span class='ocrx_word' id='word_1_243' title='bbox 641 2852 673 2887; x_wconf 95' lang='grc' dir='ltr'>τε</span> <span class='ocrx_word' id='word_1_244' title='bbox 688 2825 772 2890; x_wconf 76' lang='grc' dir='ltr'>κακὰς</span> <span class='ocrx_word' id='word_1_245' title='bbox 785 2825 899 2898; x_wconf 9' lang='grc' dir='ltr'>καὶἐέοἱν</span> <span class='ocrx_word' id='word_1_246' title='bbox 910 2828 976 2890; x_wconf 85' lang='grc' dir='ltr'>ὅλε·</span> <span class='ocrx_word' id='word_1_247' title='bbox 1052 2901 1054 2907; x_wconf 32' lang='grc' dir='ltr'>Ι</span> 
     </span>
    </p>

    <p class='ocr_par' dir='ltr' id='par_1_5' title="bbox 120 2910 976 2992">
     <span class='ocr_line' id='line_1_33' title="bbox 120 2910 976 2992; baseline 0.013 -26"><span class='ocrx_word' id='word_1_248' title='bbox 120 2939 122 2942; x_wconf 95' lang='grc'><strong><em>·</em></strong></span> <span class='ocrx_word' id='word_1_249' title='bbox 171 2910 246 2984; x_wconf 85' lang='grc' dir='ltr'>θρος·</span> <span class='ocrx_word' id='word_1_250' title='bbox 267 2910 344 2969; x_wconf 80' lang='grc' dir='ltr'>οἷλλιὶ</span> <span class='ocrx_word' id='word_1_251' title='bbox 363 2915 477 2987; x_wconf 83' lang='grc' dir='ltr'>μᾶλλον</span> <span class='ocrx_word' id='word_1_252' title='bbox 496 2910 566 2973; x_wconf 86' lang='grc' dir='ltr'>ὅκως</span> <span class='ocrx_word' id='word_1_253' title='bbox 588 2912 677 2992; x_wconf 81' lang='grc' dir='ltr'>λόγον</span> <span class='ocrx_word' id='word_1_254' title='bbox 698 2911 797 2976; x_wconf 79' lang='grc' dir='ltr'>δαίσεις</span> <span class='ocrx_word' id='word_1_255' title='bbox 815 2918 872 2974; x_wconf 81' lang='grc' dir='ltr'>τῶν</span> <span class='ocrx_word' id='word_1_256' title='bbox 893 2941 976 2992; x_wconf 86' lang='grc' dir='ltr'>μετε-</span> 
     </span>
    </p>

    <p class='ocr_par' dir='ltr' id='par_1_6' title="bbox 124 2990 1054 3073">
     <span class='ocr_line' id='line_1_34' title="bbox 124 2990 1054 3073; baseline 0.018 -24"><span class='ocrx_word' id='word_1_257' title='bbox 124 2993 180 3050; x_wconf 87' lang='grc'>143</span> <span class='ocrx_word' id='word_1_258' title='bbox 190 2995 317 3070; x_wconf 83' lang='grc' dir='ltr'>χείρισας</span> <span class='ocrx_word' id='word_1_259' title='bbox 341 2995 517 3073; x_wconf 86' lang='grc' dir='ltr'>χρημάτων.”</span> <span class='ocrx_word' id='word_1_260' title='bbox 556 3001 652 3056; x_wconf 81' lang='grc' dir='ltr'>Ταῦτα</span> <span class='ocrx_word' id='word_1_261' title='bbox 678 2999 746 3067; x_wconf 85' lang='grc' dir='ltr'>εἶπε,</span> <span class='ocrx_word' id='word_1_262' title='bbox 768 2999 822 3059; x_wconf 80' lang='grc' dir='ltr'>ἐαὶν</span> <span class='ocrx_word' id='word_1_263' title='bbox 845 3005 875 3060; x_wconf 91' lang='grc' dir='ltr'>ἐν</span> <span class='ocrx_word' id='word_1_264' title='bbox 895 3006 977 3064; x_wconf 78' lang='grc' dir='ltr'>τοῖσι</span> <span class='ocrx_word' id='word_1_265' title='bbox 1052 2990 1054 3005; x_wconf 50' lang='lat'><strong>¹</strong></span> 
     </span>
    </p>
   </div>
   <div class='ocr_carea' id='block_1_2' title="bbox 168 3076 1054 3328">
    <p class='ocr_par' dir='ltr' id='par_1_7' title="bbox 168 3076 1054 3328">
     <span class='ocr_line' id='line_1_35' title="bbox 171 3076 976 3164; baseline 0.021 -30"><span class='ocrx_word' id='word_1_266' title='bbox 171 3076 286 3138; x_wconf 86' lang='grc' dir='ltr'>οἷστοΐσι</span> <span class='ocrx_word' id='word_1_267' title='bbox 300 3080 420 3156; x_wconf 84' lang='grc' dir='ltr'>δόκιμος,</span> <span class='ocrx_word' id='word_1_268' title='bbox 434 3085 472 3157; x_wconf 79' lang='grc' dir='ltr'>τῷ</span> <span class='ocrx_word' id='word_1_269' title='bbox 485 3080 590 3155; x_wconf 81' lang='grc' dir='ltr'>οὔνομα</span> <span class='ocrx_word' id='word_1_270' title='bbox 602 3081 638 3156; x_wconf 88' lang='grc' dir='ltr'>ἦν</span> <span class='ocrx_word' id='word_1_271' title='bbox 650 3086 841 3164; x_wconf 85' lang='grc' dir='ltr'>Τελέσαρχος·</span> <span class='ocrx_word' id='word_1_272' title='bbox 861 3090 976 3151; x_wconf 85' lang='grc' dir='ltr'>Μαιάν-</span> 
     </span>
     <span class='ocr_line' id='line_1_36' title="bbox 169 3159 977 3250; baseline 0.027 -36"><span class='ocrx_word' id='word_1_273' title='bbox 169 3159 233 3232; x_wconf 87' lang='grc' dir='ltr'>δρος</span> <span class='ocrx_word' id='word_1_274' title='bbox 249 3164 279 3220; x_wconf 82' lang='grc' dir='ltr'>δὲ</span> <span class='ocrx_word' id='word_1_275' title='bbox 294 3164 347 3240; x_wconf 83' lang='grc' dir='ltr'>νόῳ</span> <span class='ocrx_word' id='word_1_276' title='bbox 365 3165 466 3238; x_wconf 80' lang='grc' dir='ltr'>λαβοὶν</span> <span class='ocrx_word' id='word_1_277' title='bbox 481 3164 516 3226; x_wconf 76' lang='grc' dir='ltr'>οἱς</span> <span class='ocrx_word' id='word_1_278' title='bbox 532 3169 557 3222; x_wconf 84' lang='grc' dir='ltr'>εἰ</span> <span class='ocrx_word' id='word_1_279' title='bbox 570 3167 690 3241; x_wconf 82' lang='grc' dir='ltr'>μετήσει</span> <span class='ocrx_word' id='word_1_280' title='bbox 704 3171 758 3245; x_wconf 73' lang='grc' dir='ltr'>τὴν</span> <span class='ocrx_word' id='word_1_281' title='bbox 775 3171 869 3250; x_wconf 71' lang='grc' dir='ltr'>ἀρχὴν</span> <span class='ocrx_word' id='word_1_282' title='bbox 881 3174 977 3240; x_wconf 75' lang='grc' dir='ltr'>ἄλλος</span> 
     </span>
     <span class='ocr_line' id='line_1_37' title="bbox 168 3243 1054 3328; baseline 0.033 -32"><span class='ocrx_word' id='word_1_283' title='bbox 168 3263 210 3302; x_wconf 87' lang='grc' dir='ltr'>τις</span> <span class='ocrx_word' id='word_1_284' title='bbox 229 3243 287 3301; x_wconf 82' lang='grc' dir='ltr'>ἀντ’</span> <span class='ocrx_word' id='word_1_285' title='bbox 305 3245 390 3305; x_wconf 74' lang='grc' dir='ltr'>αὐτοῦ</span> <span class='ocrx_word' id='word_1_286' title='bbox 409 3247 541 3323; x_wconf 81' lang='grc' dir='ltr'>τύραννος</span> <span class='ocrx_word' id='word_1_287' title='bbox 560 3253 778 3328; x_wconf 75' lang='grc' dir='ltr'>καταστήσεται,</span> <span class='ocrx_word' id='word_1_288' title='bbox 800 3255 858 3317; x_wconf 68' lang='grc' dir='ltr'>οὐδ’</span> <span class='ocrx_word' id='word_1_289' title='bbox 878 3261 921 3320; x_wconf 85' lang='grc' dir='ltr'>ἐτι</span> <span class='ocrx_word' id='word_1_290' title='bbox 942 3267 977 3324; x_wconf 76' lang='grc' dir='ltr'>ἐν</span> <span class='ocrx_word' id='word_1_291' title='bbox 1052 3286 1054 3293; x_wconf 92' lang='grc'><strong><em>·</em></strong></span> 
     </span>
    </p>
   </div>
   <div class='ocr_carea' id='block_1_3' title="bbox 0 0 1081 3500">
    <p class='ocr_par' dir='ltr' id='par_1_8' title="bbox 0 0 1081 3500">
     <span class='ocr_line' id='line_1_38' title="bbox 0 0 1081 3500; baseline 0 0"><span class='ocrx_word' id='word_1_292' title='bbox 0 0 1081 3500; x_wconf 95' lang='lat' dir='ltr'> </span> 
     </span>
    </p>
   </div>
  </div>
 </body>
</html>
