2150 3500
121 153 238 218 ιιι-ου]
476 155 590 204 mm.
898 154 931 200 ιι

122 233 252 310 φέρουσί
263 259 295 294 τε
309 234 358 294 καὶ
375 232 478 314 ἄγουσι
495 233 531 294 τά
551 232 617 294 σά.”
657 233 741 313 Κύριρ
754 233 784 292 δέ
803 233 931 308 ἐπιμελὲς
939 233 977 291 89

122 322 238 401 ἐγένετο
255 320 292 382 τοὶ
312 326 438 399 Κροῖσος
458 321 527 381 εἴτε·
549 321 799 398 μεταστησάμενος
819 320 849 379 δὲ
867 317 933 381 τούς

121 407 242 480 ἀλλους,
257 410 344 487 εἴρετο
362 413 489 487 Κροῖσον
502 410 518 469 ὅ
531 434 561 470 τι
576 413 603 469 οἱ
619 408 721 488 ἐνορῴη
735 413 764 467 ἐν
776 411 853 468 τοῖσι
870 433 931 466 ποι·

123 498 285 574 ευμένοισι;
306 497 322 557 6
336 497 365 556 δέ
380 497 448 557 εἶπε·
466 497 551 556 “ἐπεί
560 522 592 557 τε
604 523 641 575 με
654 497 714 558 θεοὶ
728 497 817 556 δῶκαν
830 494 932 555 δοῦλόν

123 609 185 655 σοι,
195 585 289 644 δικαιῶ
300 586 361 645 εἴτι
373 586 470 662 ἐνορέω
480 585 569 645 πλέον
579 585 726 662 σημαίνειν
739 609 796 644 σοι.
818 583 931 661 Πέρσαι

123 671 218 747 φύσιν
237 673 328 736 ἐόντες
347 672 491 749 ύβρισταὶ,
514 674 570 732 εἰσὶ
590 672 759 752 ἀχρήματοι·
780 669 816 747 ἢν
836 669 878 730 ὤν’
893 670 931 730 σύ

121 759 240 823 τούτους
270 760 394 838 περιίδῃς
423 760 632 838 διαρπάσαντας
660 760 707 818 καὶ
736 758 931 838 κατασχόντας

121 847 258 926 χρήματα
273 847 394 930 μεγάλα,
414 848 481 908 τάδε
497 873 543 908 τοι
563 848 594 919 ἐξ
611 847 701 908 αύπῶν
721 847 836 917 ἐπίδοξα
855 846 930 927 γενέ·

125 935 207 994 σθαι·
224 935 255 999 ὃς
267 933 301 995 ἂν
314 934 404 995 αὐτῶν
415 939 540 996 πλεῖστα
552 935 690 1014 κατάσχῃ,
700 939 800 995 τοῦτον
812 933 930 1011 προσδέ-

123 1023 230 1082 κεσθαί
243 1049 288 1083 τοι
305 1023 580 1101 ἐπαναστησόμενον.
614 1028 663 1084 νῦν
679 1022 717 1083 ὧν
732 1023 853 1098 ποίησον
869 1018 928 1091 ὦδε,

124 1110 151 1168 εἴ
163 1136 209 1196 τοι
222 1110 335 1188 ἀρέσκει
347 1110 384 1171 τά
400 1111 453 1192 ἐγὼ
467 1112 551 1193 λέγω·
564 1111 689 1193 κάτισον
700 1114 756 1170 τῶν
768 1108 929 1187 δορυφόρων

123 1198 172 1256 ἐπὶ
185 1198 297 1279 πάσῃσι
309 1202 378 1279 τῇσι
388 1198 498 1278 πύλῃσι
508 1199 660 1275 φυλάκους,
673 1198 700 1258 οἳ
713 1197 850 1278 λεγόντων
858 1195 929 1272 πρός

122 1283 191 1349 τούς
204 1288 372 1365 ἐκφέροντας
386 1286 423 1346 τά
434 1286 568 1366 χρήματα
583 1285 788 1363 ἀπαιρεόμενοι,
802 1283 837 1346 ὥς
851 1288 930 1358 σφεα

123 1371 281 1455 ἀναγκαίως
297 1375 354 1454 ἔχει
367 1374 564 1450 δεκατευθῆναι
578 1378 618 1452 τῷ
630 1372 688 1433 Διΐ.
715 1372 761 1430 καὶ
777 1369 814 1429 σύ
826 1395 857 1429 τε
872 1376 929 1446 σφι

124 1459 177 1520 ούκ
196 1461 371 1542 ἀπεχθήσεαι
386 1463 439 1540 βίῃ
457 1461 657 1538 ἀπαιρεόμενος
674 1457 711 1519 τά
728 1457 868 1538 χρήματα,
881 1459 929 1517 ’καὶ

124 1552 224 1610 ἐκεῖνοι
245 1550 414 1631 συγγνόντες
432 1550 536 1609 ποιέειν
555 1574 591 1608 σε
607 1548 708 1617 δίκαια,
726 1547 832 1610 ἑκόντες
849 1546 928 1623 ποιή-

123 1636 236 1696 σουσι.”
275 1641 370 1697 Ταῦτα
389 1636 496 1696 ἀκούων
514 1635 531 1696 6
549 1640 643 1715 Κῦρος
662 1635 824 1713 ύπερήδετο,
844 1634 880 1699 ὥς
900 1639 927 1695 οἱ
936 1637 975 1695 90

124 1723 216 1785 ἐδόκεε
232 1724 261 1785 εὖ
277 1724 470 1785 ύποτίθεσθαι·
492 1726 605 1790 αἰνέσας
617 1725 647 1785 δέ
662 1723 768 1795 πολλὰ,
783 1724 829 1783 καὶ
846 1728 931 1785 ἐντει·

122 1811 244 1888 λα’μενος
266 1817 343 1873 τοῖσι
364 1812 549 1891 δορυφόροισι
567 1812 604 1875 τοὶ
624 1816 750 1891 Κροῖσος
768 1811 928 1887 ἀπεθήκατο

124 1901 283 1975 ἐπιτελέειν,
298 1901 358 1961 εἶπε
370 1900 440 1979 πρός
456 1906 584 1981 Κροῖσον
595 1902 670 1962 τόδε·
692 1898 928 1979 “Κροῖσε,’ἆναρ-

123 1989 244 2065 τημένου
257 1992 309 2049 σεῦ
326 1988 424 2067 ἀνδρός
436 1991 576 2065 βασιλέος
587 1988 700 2069 χρηστά
713 1990 781 2069 ἔργα
798 1988 844 2047 καὶ
860 1987 928 2047 ἐπεα

124 2077 235 2147 ποιέειν,
247 2077 322 2136 αἰτέο
334 2076 386 2153 τήν
396 2077 476 2138 δόσιν
485 2076 591 2153 ἥντινα
603 2076 726 2153 βούλεαί
737 2101 782 2135 τοι
793 2076 926 2156 γενέσθαι

123 2162 305 2240 παραυτίκα·”
322 2164 338 2224 6
352 2165 382 2224 δὲ
395 2164 464 2223 εἶπε·
482 2163 526 2223 “ιιί
539 2164 671 2232 δέσποτα,
686 2162 773 2225 ἐάσας
785 2186 822 2238 με
834 2166 929 2240 χαριεῖ

124 2252 252 2328 μάλιστα
271 2251 321 2312 τόν
341 2252 405 2313 θεόν
424 2255 479 2312 τῶν
498 2250 642 2326 Ἑλλήνων
661 2250 711 2310 τόν
731 2250 852 2325 ἐτίμησα
873 2248 927 2329 ἐγιδ

125 2340 195 2399 θεῶν
204 2340 332 2415 μάλιστα
341 2340 501 2416 ἐπείρεσθαι
514 2338 664 2416 πέμψαντα
673 2336 761 2397 τάσδε
773 2336 824 2401 τὰς
832 2336 926 2408 πέδας,

126 2431 150 2485 εἰ
163 2427 302 2496 ἐξαπατᾶν
312 2426 376 2489 πούς
390 2425 419 2485 εὖ
430 2430 576 2488 ποιεῦντας
589 2424 674 2502 νόμος
687 2426 748 2485 ἐστι
758 2426 786 2484 οἱ
795 2423 819 2495 ;”
833 2429 928 2503 Κῦρος

126 2513 156 2573 δέ
179 2516 266 2591 εἴρετο
287 2513 303 2573 ὅ
322 2540 351 2573 τι
374 2517 401 2573 οἱ
424 2518 508 2574 τοῦτο
532 2512 706 2593 ἐπηγορεύων
728 2514 926 2590 παραιτέοιτο;

127 2606 251 2679 Κροῖσος
268 2602 299 2660 δέ
316 2604 343 2660 οἶ
361 2601 557 2682 ἐπανηλόγησε
574 2605 671 2661 πᾶσαν
685 2601 737 2677 την
753 2605 853 2662 ἐυκττσῦ
869 2600 927 2661 διό·

128 2715 211 2759 νοιαν,
229 2690 275 2748 καὶ
289 2692 346 2748 τῶν
359 2688 537 2767 χρηστηρίων
553 2687 603 2750 τάς
622 2688 796 2765 ύποκρίσιας,
813 2689 860 2747 καὶ
874 2688 926 2764 μά-

127 2780 211 2835 λιστα
228 2776 264 2835 τά
284 2775 456 2853 ἀναθήματα,
478 2777 524 2834 καὶ
543 2775 579 2838 οἷς
598 2776 727 2853 ’ἐπαρθεὶς
744 2780 783 2854 τῷ
802 2775 926 2852 μαντηΐω

128 2864 332 2941 ἐστρατεύσατο
356 2864 402 2923 ἐπὶ
426 2864 551 2941 Πέρσας·
575 2863 665 2944 λέγων
688 2864 826 2923 δὲταῦτα
849 2863 922 2921 κατέ-

126 2952 207 3026 βαινε
225 2950 302 3013 αὖτις
319 2950 535 3029 παραιτεόμενος
551 2950 658 3009 ἐπεῖναί
673 2952 700 3009 οἱ
714 2953 753 3028 τῷ
769 2950 823 3029 θεῷ
838 2949 926 3030 τούτῳ

127 3036 268 3099 ὀνειδίσαι·
282 3042 374 3116 Κῦρος
382 3038 412 3097 δὲ
418 3036 545 3119 γελάσας
554 3037 622 3097 εἶπε·
636 3048 654 3073 “
658 3036 704 3096 καὶ
711 3036 811 3095 τούτου
818 3035 926 3105 τεύξεαι

127 3126 189 3203 παρ’
198 3130 272 3201 ἐμεῦ,
284 3128 400 3201 Κροῖσε,
409 3127 455 3184 καὶ
468 3124 562 3184 όλλου
570 3124 676 3188 παντός
688 3127 738 3183 τοῦ
751 3121 785 3183 ἂν
793 3124 927 3184 ἑκάστοτε

127 3213 197 3293 δέη.”
238 3213 274 3276 οἷς
289 3213 319 3272 δέ
334 3217 422 3272 ταῦτα
434 3210 540 3288 ἤκουσε
555 3211 572 3270 6
590 3216 725 3287 Κροῖσος,
738 3211 855 3286 πέμπων
870 3216 925 3271 τῶν

128 3300 222 3360 Λυδῶν
243 3304 271 3361 ἐς
291 3297 432 3373 Δελφούς,
448 3299 611 3357 ἐνετέλλετο
629 3297 754 3359 τιθέντας
772 3296 823 3360 τὰς
841 3298 926 3361 πέδας
