2150 3500
176 141 210 186 οο
488 139 673 190 ἀνοιοτοτ
957 139 997 205 [L

177 219 273 294 Κᾶρες
284 216 486 295 ἀποδεξάμενοι
499 216 579 278 οἶδέν
591 216 655 279 οὔτε
672 216 738 278 ὅσοι
754 217 908 296 Ἑλλήιαον
924 220 997 280 ταιί-

174 329 227 380 την
242 303 295 380 τήν
311 304 405 385 χοίρην
422 306 552 366 οἰκέουσι.
595 306 718 366 οἰκέουσι
731 307 761 366 δὲ
774 307 820 366 καὶ
833 305 931 368 ἄλλοι
943 309 996 367 καὶ

174 392 398 469 Δακεδαιμονίων
412 390 525 453 ἄποικοι
541 393 658 466 Κνίδιοι,
671 397 722 468 ’τῆς
735 393 828 473 χοίρης
845 398 902 471 πῖς
915 402 995 472 σφε-

174 480 256 558 τέρης
274 481 464 558 τετραμμένης
484 486 514 544 ἔς
532 480 644 552 πόντον,
666 479 806 561 ἀργμένης
826 481 858 542 δὲ
880 487 918 542 ἐκ
938 489 995 560 τῆς

174 567 353 680 χερσονήσου
364 572 415 644 τῆς
422 568 593 646 Βυβασσίης
605 567 639 628 τό
651 567 686 644 66
696 567 829 646 Τριότιον
839 571 992 642 καλέεται,

175 655 277 732 εὀόσης
290 681 321 717 τε
336 655 431 732 πόσης
446 654 508 763 [της
514 653 659 766 Κνιδίης]
677 655 755 732 πλὴν
748 655 875 766 ὀλίγης
888 683 993 737 περιρ-

173 742 251 821 ρόου·
268 744 361 826 (τό
326 770 379 822 μεν
391 743 446 850 γὰρ
458 743 543 821 αὐτῆς
555 769 625 853 τρρς
636 742 761 822 βορῆν”
742 765 851 854 ανεμον
858 773 875 806 ο
866 744 992 859 ἰζΚερα

176 830 273 908 μεικός
292 831 436 895 κόλπος’
418 832 542 913 στέργει,
563 857 599 891 τα
590 830 653 891 δὲ
675 831 745 909 τρός
764 832 889 910 νότονῆ
913 835 992 896 κατὰ

175 917 272 996 Σύμην
290 943 323 978 τε
343 920 389 978 καὶ
408 918 506 980 Ρόδον
527 918 743 1031 θόλῳσσα·)
710 944 744 980 το
765 919 802 980 ὧν
824 919 860 997 δη
880 920 991 1005 ὀλίγον

174 1010 265 1077 τοῦτο,
287 1005 333 1067 ε’ὀν
354 1006 424 1066 ὅσον
443 1032 475 1066 τε
496 1008 543 1066 έτὶ
562 1007 646 1067 πέντε
666 1006 820 1078 οτόδιο,”
799 1033 936 1086 οροσσον
958 1014 989 1071 οἶ

175 1095 312 1155 Κνίδιοι
299 1120 329 1154 εν
343 1093 402 1175 ὀσῳ
411 1093 560 1177 Ἀρταγος
574 1121 626 1172 την
641 1093 747 1202 Ῑῳνίην
760 1099 986 1175 κατεστρέφετο,

173 1179 390 1261 βουλόμενοι
355 1208 444 1260 νησον
452 1209 505 1259 την
513 1209 608 1263 χωρην
620 1187 749 1259 ποιῆσαι·
766 1209 844 1247 εντος
853 1185 885 1244 δε
899 1187 988 1246 πᾶσαί
1059 1213 1060 1216 ’

174 1276 258 1347 σφι’
245 1273 360 1354 εγίνετο·
379 1275 416 1352 τῇ
424 1269 482 1378 γὰρ
499 1297 519 1348 η
511 1269 695 1348 Κνιδίη’
653 1296 738 1381 χῳρη
750 1275 778 1334 ἐς
793 1271 847 1348 την
861 1270 986 1360 ἤπειρον

172 1364 299 1440 τελεισᾶ,
311 1359 399 1439 ταύτῃ
417 1386 433 1420 ο
424 1357 584 1435 ’ἰσθμός’
572 1384 634 1419 εστι
650 1358 700 1419 τόν
716 1357 857 1436 ὤρυσσον·
876 1386 927 1420 και
917 1355 985 1440 δη

173 1451 271 1557 τολλη
288 1473 362 1526 χειρι
350 1446 623 1528 ἐργαζομένων
582 1472 640 1507 των
652 1445 780 1518 Κνιδίων,
792 1449 964 1524 μᾶλλον’
922 1476 986 1531 γαρ

173 1558 202 1593 τι
219 1560 266 1623 και
254 1533 421 1611 θειότερον
438 1535 594 1610 ἐφαίνοντο
602 1528 807 1612 τιτρώσκεσθαι
823 1561 851 1594 οι
841 1537 982 1618 ’ἐργαζό-

172 1646 252 1698 μενοι
272 1624 323 1682 τοῦ
347 1619 454 1684 οἰκότος
473 1619 510 1681 τοί
533 1645 566 1681 τε
590 1621 667 1681 ἄλλα
691 1626 742 1682 τοῦ
773 1621 906 1699 σώματος
930 1627 980 1685 καὶ

172 1707 301 1787 μα’λιστα
319 1708 356 1770 τὰ
374 1709 440 1787 περὶ
458 1707 524 1773 τούς
542 1708 711 1788 ὀφθαλμούς
731 1710 905 1789 θραυομένης
926 1717 981 1791 τῆς

158 1791 282 1876 τέτμῃς,
296 1799 419 1875 έτεμτον
432 1802 460 1861 ἐς
473 1798 608 1874 Δελῲοός
619 1797 819 1877 θεοτρότους’
798 1804 979 1910 ετερησομέ-

172 1910 236 1949 νους
246 1910 280 1946 το
271 1884 429 1955 οἷντίξοον·
449 1911 468 1962 ἠ
460 1885 516 1946 66
529 1887 623 1962 Πυθίη
641 1885 742 1963 σφι,
720 1912 757 1950 ως
772 1885 851 1948 οὗτοι
840 1882 979 1949 Κνίδιοι

172 1974 299 2056 λέγουσι,
312 1978 370 2055 χρᾷ
382 1978 418 2035 ἐν.
424 1974 560 2055 τριμέτρῳ
572 1973 643 2055 τόνῳ
654 1974 731 2035 τόδε·

323 2086 410 2137 Ἰσθμὸν
420 2085 443 2127 66
454 2100 484 2158 μη
500 2085 609 2155 πυργοῦτε,
622 2084 689 2155 μηδ’
681 2086 792 2137 οριίσσεττ·

324 2145 375 2190 Ζευς
388 2142 429 2198 γιίρ
442 2159 457 2185 κ
455 2143 531 2195 ’ἔθηκε
545 2144 618 2196 νῆσον,
632 2159 651 2185 ει
664 2142 683 2185 κ’
697 2143 804 2195 ἐβούλετο.

172 2229 338 2296 Κνιδιοι
303 2261 364 2349 μιν,
386 2238 475 2296 ταῦτα
493 2238 547 2311 τῆς
566 2234 674 2310 Πυθίης
692 2234 850 2313 χρησάσης,
872 2240 924 2297 τοῦ
941 2262 975 2298 τε

171 2320 328 2403 ὀρύγματος
347 2322 506 2383 ἐπαύσαντο
527 2323 574 2381 καὶ
589 2320 756 2403 Αρτόγῳ’
743 2321 849 2383 εσιόντι
865 2348 921 2383 συν
934 2334 975 2405 τῳ
1059 2354 1060 2409 γ

125 2409 182 2469 175
191 2435 304 2487 στρατῳ
321 2409 446 2519 ἀμαχητι
438 2407 600 2485 σφεας
566 2408 665 2473 αυτοός
677 2410 846 2487 παρέδοσαν.
873 2409 974 2474 Ἦσαν
1059 2442 1060 2491 γ

172 2495 203 2553 66
222 2493 416 2571 Πηδασέες’
389 2500 526 2559 οικοῦντες
547 2495 618 2573 ὑπὲρ
636 2496 867 2575 Αλικορνησσοΰ
887 2500 972 2576 μεσό-
1059 2472 1060 2541 6

169 2606 261 2663 γοιαν·
288 2584 366 2642 τοῖσι
386 2580 455 2646 ὅκως
473 2608 502 2645 τι
510 2583 626 2659 μέλλοι
646 2580 827 2696 ὀνετιτήδερν
846 2586 970 2658 ἔσεσθαι,

169 2666 284 2730 αότοῖσί
295 2670 327 2729 τε
342 2668 388 2728 καὶ
404 2673 483 2729 τοῖσι
499 2672 674 2749 περιοίκοισι,
691 2670 710 2748 ἡ
728 2673 811 2779 ἶερείη
827 2677 879 2749 τῆς
889 2672 971 2751 Ἀθη·

169 2754 247 2835 ναίης
264 2755 382 2839 τιίγονα
397 2758 486 2839 μέγαν
502 2758 588 2837 ἴσχει·
608 2760 668 2835 τρίς
683 2765 740 2835 σφι
755 2764 839 2821 τοῦτο
853 2762 970 2843 ἐγένετο·
1059 2814 1060 2849 γ

169 2872 247 2907 ουτοι
261 2849 317 2907 τῶν
334 2846 400 2923 περὶ
416 2845 525 2923 Καρίην
543 2846 649 2925 ἀνδρῶν
665 2848 767 2923 μοῦνοί
783 2872 815 2907 τε
833 2847 970 2929 ἀντέσχον
1059 2854 1060 2877 ¹

167 2935 270 3013 χρόνον
288 2934 422 3017 Αρτόγῳ
442 2935 488 2995 καὶ
506 2934 660 3015 πρήγματα
675 2935 822 3015 παρέσχον
838 2940 969 3011 τλεῖστα,

168 3022 233 3101 ὄρος
244 3024 417 3100 τειχίσαντες
428 3026 467 3101 τῷ
480 3019 584 3098 οὔνομά
597 3026 659 3081 ἐστι
671 3022 754 3097 Λίδη.

123 3111 179 3169 176
229 3111 378 3186 Πηδασέες
396 3111 449 3187 μέν
465 3135 513 3169 νυν
527 3108 618 3187 χρόνῳ
639 3108 831 3185 ἐξαιρέθησαν.
872 3111 969 3173 Λύκιοι

170 3196 208 3265 δὲ,
229 3198 265 3261 οἷς
284 3203 313 3261 ἐς
331 3198 366 3258 τό
385 3196 506 3260 Ξάνθιον
517 3196 614 3255 πεδίον
628 3195 722 3271 ἤλασε
735 3196 751 3256 6
762 3196 910 3277 Ἅρπαγος
921 3201 968 3261 τὰν

167 3282 298 3359 στρατόν,
310 3283 468 3367 ὀτεξιόντες
482 3284 530 3343 καὶ
544 3281 700 3362 μαχόμενοι
712 3280 806 3364 ὀλίγοι
817 3282 890 3360 τρός
899 3290 968 3347 τολ-
