<?xml version="1.0" encoding="UTF-8"?>
<!DOCTYPE html PUBLIC "-//W3C//DTD XHTML 1.0 Transitional//EN"
    "http://www.w3.org/TR/xhtml1/DTD/xhtml1-transitional.dtd">
<html xmlns="http://www.w3.org/1999/xhtml" xml:lang="en" lang="en">
 <head>
  <title>
</title>
<meta http-equiv="Content-Type" content="text/html;charset=utf-8" />
  <meta name='ocr-system' content='tesseract 3.04.00' />
  <meta name='ocr-capabilities' content='ocr_page ocr_carea ocr_par ocr_line ocrx_word'/>
</head>
<body>
  <div class='ocr_page' id='page_1' title='image "./herodotus00blakgoog_0084.png"; bbox 0 0 2150 3500; ppageno 0'>
   <div class='ocr_carea' id='block_1_1' title="bbox 10 102 970 3347">
    <p class='ocr_par' dir='ltr' id='par_1_1' title="bbox 10 102 970 2737">
     <span class='ocr_line' id='line_1_1' title="bbox 100 102 911 188; baseline 0.005 -16"><span class='ocrx_word' id='word_1_1' title='bbox 100 123 254 188; x_wconf 68' lang='grc' dir='ltr'>ιιι-ιον]</span> <span class='ocrx_word' id='word_1_2' title='bbox 460 124 573 176; x_wconf 69' lang='lat' dir='ltr'>nmo.</span> <span class='ocrx_word' id='word_1_3' title='bbox 718 102 724 115; x_wconf 90' lang='lat'>&#39;</span> <span class='ocrx_word' id='word_1_4' title='bbox 878 129 911 176; x_wconf 79' lang='grc' dir='ltr'>ιι</span> 
     </span>
     <span class='ocr_line' id='line_1_2' title="bbox 98 199 958 286; baseline 0.008 -25"><span class='ocrx_word' id='word_1_5' title='bbox 98 199 187 273; x_wconf 84' lang='grc' dir='ltr'>Δάοι,</span> <span class='ocrx_word' id='word_1_6' title='bbox 202 201 327 281; x_wconf 80' lang='grc' dir='ltr'>Μάρδοι,</span> <span class='ocrx_word' id='word_1_7' title='bbox 342 205 488 282; x_wconf 87' lang='grc' dir='ltr'>Δροπικοὶ,</span> <span class='ocrx_word' id='word_1_8' title='bbox 502 203 676 286; x_wconf 77' lang='grc' dir='ltr'>Σαγάρτιοι.)</span> <span class='ocrx_word' id='word_1_9' title='bbox 714 203 765 269; x_wconf 82' lang='grc' dir='ltr'>Ὡς</span> <span class='ocrx_word' id='word_1_10' title='bbox 779 205 958 284; x_wconf 60' lang='lat' dir='ltr'>&amp;vap-126</span> 
     </span>
     <span class='ocr_line' id='line_1_3' title="bbox 96 288 911 370; baseline 0.006 -20"><span class='ocrx_word' id='word_1_11' title='bbox 96 295 180 366; x_wconf 84' lang='grc' dir='ltr'>ἣσαν</span> <span class='ocrx_word' id='word_1_12' title='bbox 202 288 325 355; x_wconf 82' lang='grc' dir='ltr'>ἅπαντες</span> <span class='ocrx_word' id='word_1_13' title='bbox 345 293 454 370; x_wconf 74' lang='grc' dir='ltr'>ἔχοντες</span> <span class='ocrx_word' id='word_1_14' title='bbox 473 291 506 352; x_wconf 79' lang='grc' dir='ltr'>τό</span> <span class='ocrx_word' id='word_1_15' title='bbox 526 289 735 369; x_wconf 84' lang='grc' dir='ltr'>προειρημένον,</span> <span class='ocrx_word' id='word_1_16' title='bbox 756 293 875 354; x_wconf 77' lang='grc' dir='ltr'>ἐνθαῦτα</span> <span class='ocrx_word' id='word_1_17' title='bbox 894 294 911 355; x_wconf 86' lang='grc' dir='ltr'>ό</span> 
     </span>
     <span class='ocr_line' id='line_1_4' title="bbox 97 378 912 461; baseline 0.005 -24"><span class='ocrx_word' id='word_1_18' title='bbox 97 383 211 456; x_wconf 81' lang='grc' dir='ltr'>Κῦρος,</span> <span class='ocrx_word' id='word_1_19' title='bbox 232 378 267 454; x_wconf 88' lang='grc' dir='ltr'>ἦν</span> <span class='ocrx_word' id='word_1_20' title='bbox 282 379 337 461; x_wconf 89' lang='grc' dir='ltr'>γάρ</span> <span class='ocrx_word' id='word_1_21' title='bbox 354 404 396 442; x_wconf 92' lang='grc' dir='ltr'>τις</span> <span class='ocrx_word' id='word_1_22' title='bbox 414 385 505 459; x_wconf 81' lang='grc' dir='ltr'>χῶρος</span> <span class='ocrx_word' id='word_1_23' title='bbox 519 384 570 455; x_wconf 82' lang='grc' dir='ltr'>τῆς</span> <span class='ocrx_word' id='word_1_24' title='bbox 588 385 732 457; x_wconf 81' lang='grc' dir='ltr'>Περσικῆς</span> <span class='ocrx_word' id='word_1_25' title='bbox 751 379 912 458; x_wconf 74' lang='grc' dir='ltr'>ἀκανθώδης</span> 
     </span>
     <span class='ocr_line' id='line_1_5' title="bbox 97 464 908 546; baseline 0.002 -20"><span class='ocrx_word' id='word_1_26' title='bbox 97 464 175 526; x_wconf 80' lang='grc' dir='ltr'>ὅσον</span> <span class='ocrx_word' id='word_1_27' title='bbox 193 493 230 526; x_wconf 86' lang='grc' dir='ltr'>τε</span> <span class='ocrx_word' id='word_1_28' title='bbox 248 468 295 526; x_wconf 82' lang='grc' dir='ltr'>ἐπὶ</span> <span class='ocrx_word' id='word_1_29' title='bbox 311 466 496 527; x_wconf 77' lang='grc' dir='ltr'>ὀκτωκαίδεκα</span> <span class='ocrx_word' id='word_1_30' title='bbox 512 467 643 530; x_wconf 83' lang='grc' dir='ltr'>σταδίους</span> <span class='ocrx_word' id='word_1_31' title='bbox 660 466 679 542; x_wconf 85' lang='grc' dir='ltr'>ἢ</span> <span class='ocrx_word' id='word_1_32' title='bbox 700 467 790 528; x_wconf 81' lang='grc' dir='ltr'>ε’ίκοσι</span> <span class='ocrx_word' id='word_1_33' title='bbox 807 467 908 546; x_wconf 78' lang='grc' dir='ltr'>πάντη,</span> 
     </span>
     <span class='ocr_line' id='line_1_6' title="bbox 96 553 911 637; baseline 0.006 -25"><span class='ocrx_word' id='word_1_34' title='bbox 96 553 207 614; x_wconf 79' lang='grc' dir='ltr'>τοῦτόν</span> <span class='ocrx_word' id='word_1_35' title='bbox 220 560 278 630; x_wconf 86' lang='grc' dir='ltr'>σφι</span> <span class='ocrx_word' id='word_1_36' title='bbox 289 553 338 615; x_wconf 83' lang='grc' dir='ltr'>τόν</span> <span class='ocrx_word' id='word_1_37' title='bbox 346 559 442 633; x_wconf 75' lang='grc' dir='ltr'>,χῶρον</span> <span class='ocrx_word' id='word_1_38' title='bbox 454 559 571 631; x_wconf 88' lang='grc' dir='ltr'>προεῖπε</span> <span class='ocrx_word' id='word_1_39' title='bbox 583 555 757 632; x_wconf 74' lang='grc' dir='ltr'>ἐξημερῶσαι</span> <span class='ocrx_word' id='word_1_40' title='bbox 769 561 798 617; x_wconf 87' lang='grc' dir='ltr'>ἐν</span> <span class='ocrx_word' id='word_1_41' title='bbox 809 555 911 637; x_wconf 85' lang='grc' dir='ltr'>ήμέρη·</span> 
     </span>
     <span class='ocr_line' id='line_1_7' title="bbox 10 641 911 721; baseline 0.008 -23"><span class='ocrx_word' id='word_1_42' title='bbox 10 649 11 652; x_wconf 74' lang='grc'>’</span> <span class='ocrx_word' id='word_1_43' title='bbox 79 662 80 666; x_wconf 72' lang='grc'>’</span> <span class='ocrx_word' id='word_1_44' title='bbox 97 641 330 703; x_wconf 88' lang='grc' dir='ltr'>ἐπιτελεσάντων</span> <span class='ocrx_word' id='word_1_45' title='bbox 357 643 387 702; x_wconf 84' lang='grc' dir='ltr'>δὲ</span> <span class='ocrx_word' id='word_1_46' title='bbox 410 647 466 703; x_wconf 80' lang='grc' dir='ltr'>τῶν</span> <span class='ocrx_word' id='word_1_47' title='bbox 490 644 625 720; x_wconf 89' lang='grc' dir='ltr'>Περσέων</span> <span class='ocrx_word' id='word_1_48' title='bbox 653 642 702 703; x_wconf 80' lang='grc' dir='ltr'>τόν</span> <span class='ocrx_word' id='word_1_49' title='bbox 729 646 911 721; x_wconf 89' lang='grc' dir='ltr'>προκείμενον</span> 
     </span>
     <span class='ocr_line' id='line_1_8' title="bbox 97 726 911 810; baseline 0.005 -23"><span class='ocrx_word' id='word_1_50' title='bbox 97 726 221 801; x_wconf 86' lang='grc' dir='ltr'>άεθλον,</span> <span class='ocrx_word' id='word_1_51' title='bbox 235 728 348 808; x_wconf 79' lang='grc' dir='ltr'>δεύτερά</span> <span class='ocrx_word' id='word_1_52' title='bbox 364 737 420 807; x_wconf 86' lang='grc' dir='ltr'>σφι</span> <span class='ocrx_word' id='word_1_53' title='bbox 434 733 553 807; x_wconf 85' lang='grc' dir='ltr'>προεῖπε</span> <span class='ocrx_word' id='word_1_54' title='bbox 569 734 596 793; x_wconf 85' lang='grc' dir='ltr'>ἐς</span> <span class='ocrx_word' id='word_1_55' title='bbox 612 729 663 806; x_wconf 78' lang='grc' dir='ltr'>τήν</span> <span class='ocrx_word' id='word_1_56' title='bbox 678 730 829 808; x_wconf 70' lang='grc' dir='ltr'>ὑστεραίην</span> <span class='ocrx_word' id='word_1_57' title='bbox 840 757 911 810; x_wconf 88' lang='grc' dir='ltr'>παρ-</span> 
     </span>
     <span class='ocr_line' id='line_1_9' title="bbox 90 816 911 896; baseline 0.011 -22"><span class='ocrx_word' id='word_1_58' title='bbox 90 819 173 890; x_wconf 81' lang='grc' dir='ltr'>εῖναι</span> <span class='ocrx_word' id='word_1_59' title='bbox 186 819 387 895; x_wconf 78' lang='grc' dir='ltr'>λελουμένους·</span> <span class='ocrx_word' id='word_1_60' title='bbox 401 823 430 879; x_wconf 89' lang='grc' dir='ltr'>ἐν</span> <span class='ocrx_word' id='word_1_61' title='bbox 443 818 472 877; x_wconf 88' lang='grc' dir='ltr'>δέ</span> <span class='ocrx_word' id='word_1_62' title='bbox 481 817 570 896; x_wconf 74' lang='grc' dir='ltr'>τούτῳ</span> <span class='ocrx_word' id='word_1_63' title='bbox 581 816 618 877; x_wconf 81' lang='grc' dir='ltr'>τά</span> <span class='ocrx_word' id='word_1_64' title='bbox 629 843 661 877; x_wconf 93' lang='grc' dir='ltr'>τε</span> <span class='ocrx_word' id='word_1_65' title='bbox 672 817 790 878; x_wconf 83' lang='grc' dir='ltr'>αἰπόλια</span> <span class='ocrx_word' id='word_1_66' title='bbox 802 820 849 878; x_wconf 85' lang='grc' dir='ltr'>καὶ</span> <span class='ocrx_word' id='word_1_67' title='bbox 861 820 911 884; x_wconf 87' lang='grc' dir='ltr'>τάς</span> 
     </span>
     <span class='ocr_line' id='line_1_10' title="bbox 97 904 913 985; baseline 0.009 -25"><span class='ocrx_word' id='word_1_68' title='bbox 97 904 229 980; x_wconf 86' lang='grc' dir='ltr'>ποίμνας</span> <span class='ocrx_word' id='word_1_69' title='bbox 241 907 288 965; x_wconf 85' lang='grc' dir='ltr'>καὶ</span> <span class='ocrx_word' id='word_1_70' title='bbox 299 904 335 965; x_wconf 83' lang='grc' dir='ltr'>τοὶ</span> <span class='ocrx_word' id='word_1_71' title='bbox 350 906 491 983; x_wconf 87' lang='grc' dir='ltr'>βουκόλια</span> <span class='ocrx_word' id='word_1_72' title='bbox 503 905 519 966; x_wconf 79' lang='lat' dir='ltr'>o‘</span> <span class='ocrx_word' id='word_1_73' title='bbox 532 909 626 982; x_wconf 85' lang='grc' dir='ltr'>Κῦρος</span> <span class='ocrx_word' id='word_1_74' title='bbox 638 904 730 965; x_wconf 85' lang='grc' dir='ltr'>πάντα</span> <span class='ocrx_word' id='word_1_75' title='bbox 744 910 795 966; x_wconf 81' lang='grc' dir='ltr'>τοῦ</span> <span class='ocrx_word' id='word_1_76' title='bbox 806 907 913 985; x_wconf 74' lang='grc' dir='ltr'>πατρὸς</span> 
     </span>
     <span class='ocr_line' id='line_1_11' title="bbox 97 992 913 1071; baseline 0.006 -21"><span class='ocrx_word' id='word_1_77' title='bbox 97 994 267 1055; x_wconf 78' lang='grc' dir='ltr'>συναλίσας</span> <span class='ocrx_word' id='word_1_78' title='bbox 283 998 310 1056; x_wconf 87' lang='grc' dir='ltr'>ἐς</span> <span class='ocrx_word' id='word_1_79' title='bbox 324 993 421 1065; x_wconf 78' lang='grc' dir='ltr'>τώυτό,</span> <span class='ocrx_word' id='word_1_80' title='bbox 439 995 500 1054; x_wconf 85' lang='grc' dir='ltr'>ἔθυε</span> <span class='ocrx_word' id='word_1_81' title='bbox 515 994 563 1052; x_wconf 85' lang='grc' dir='ltr'>καὶ</span> <span class='ocrx_word' id='word_1_82' title='bbox 578 992 769 1071; x_wconf 82' lang='grc' dir='ltr'>παρεσκεύαζε</span> <span class='ocrx_word' id='word_1_83' title='bbox 784 992 821 1058; x_wconf 78' lang='grc' dir='ltr'>ὥς</span> <span class='ocrx_word' id='word_1_84' title='bbox 837 994 913 1065; x_wconf 81' lang='grc' dir='ltr'>δεξό·</span> 
     </span>
     <span class='ocr_line' id='line_1_12' title="bbox 97 1078 913 1161; baseline 0.006 -24"><span class='ocrx_word' id='word_1_85' title='bbox 97 1101 187 1152; x_wconf 89' lang='grc' dir='ltr'>μενος</span> <span class='ocrx_word' id='word_1_86' title='bbox 206 1083 264 1139; x_wconf 81' lang='grc' dir='ltr'>τῶν</span> <span class='ocrx_word' id='word_1_87' title='bbox 284 1080 418 1157; x_wconf 87' lang='grc' dir='ltr'>Περσέων</span> <span class='ocrx_word' id='word_1_88' title='bbox 436 1079 487 1140; x_wconf 79' lang='grc' dir='ltr'>τόν</span> <span class='ocrx_word' id='word_1_89' title='bbox 506 1078 637 1156; x_wconf 86' lang='grc' dir='ltr'>στρατόν,</span> <span class='ocrx_word' id='word_1_90' title='bbox 653 1079 725 1158; x_wconf 81' lang='grc' dir='ltr'>πρός</span> <span class='ocrx_word' id='word_1_91' title='bbox 743 1081 781 1152; x_wconf 85' lang='grc' dir='ltr'>δὲ,</span> <span class='ocrx_word' id='word_1_92' title='bbox 799 1081 864 1161; x_wconf 76' lang='grc' dir='ltr'>οἴνῳ</span> <span class='ocrx_word' id='word_1_93' title='bbox 880 1107 913 1142; x_wconf 84' lang='grc' dir='ltr'>τε</span> 
     </span>
     <span class='ocr_line' id='line_1_13' title="bbox 98 1165 912 1248; baseline 0.007 -26"><span class='ocrx_word' id='word_1_94' title='bbox 98 1165 149 1224; x_wconf 83' lang='grc' dir='ltr'>καὶ</span> <span class='ocrx_word' id='word_1_95' title='bbox 166 1167 290 1228; x_wconf 87' lang='grc' dir='ltr'>σιτίοισι</span> <span class='ocrx_word' id='word_1_96' title='bbox 306 1167 342 1230; x_wconf 82' lang='grc' dir='ltr'>ὦς</span> <span class='ocrx_word' id='word_1_97' title='bbox 358 1165 611 1244; x_wconf 74' lang='grc' dir='ltr'>ἐπιτηδεοτάτοισι.</span> <span class='ocrx_word' id='word_1_98' title='bbox 628 1167 811 1245; x_wconf 75' lang='grc' dir='ltr'>ἀπικομένους</span> <span class='ocrx_word' id='word_1_99' title='bbox 830 1168 861 1228; x_wconf 84' lang='grc' dir='ltr'>δὲ</span> <span class='ocrx_word' id='word_1_100' title='bbox 875 1173 912 1248; x_wconf 80' lang='grc' dir='ltr'>τῇ</span> 
     </span>
     <span class='ocr_line' id='line_1_14' title="bbox 98 1249 910 1334; baseline 0.007 -23"><span class='ocrx_word' id='word_1_101' title='bbox 98 1249 242 1333; x_wconf 81' lang='grc' dir='ltr'>ὕστεραίῃ</span> <span class='ocrx_word' id='word_1_102' title='bbox 250 1253 315 1318; x_wconf 81' lang='grc' dir='ltr'>τοδς</span> <span class='ocrx_word' id='word_1_103' title='bbox 327 1256 444 1332; x_wconf 85' lang='grc' dir='ltr'>Πέρσας</span> <span class='ocrx_word' id='word_1_104' title='bbox 454 1254 621 1316; x_wconf 85' lang='grc' dir='ltr'>κατακλίνας</span> <span class='ocrx_word' id='word_1_105' title='bbox 631 1258 659 1317; x_wconf 88' lang='grc' dir='ltr'>ἐς</span> <span class='ocrx_word' id='word_1_106' title='bbox 667 1258 791 1331; x_wconf 77' lang='grc' dir='ltr'>λειμῶνα</span> <span class='ocrx_word' id='word_1_107' title='bbox 800 1255 910 1334; x_wconf 79' lang='grc' dir='ltr'>εὖιόχεε.</span> 
     </span>
     <span class='ocr_line' id='line_1_15' title="bbox 99 1339 911 1420; baseline 0.005 -22"><span class='ocrx_word' id='word_1_108' title='bbox 99 1342 167 1401; x_wconf 86' lang='grc' dir='ltr'>ἐπεί</span> <span class='ocrx_word' id='word_1_109' title='bbox 180 1367 215 1402; x_wconf 89' lang='grc' dir='ltr'>τε</span> <span class='ocrx_word' id='word_1_110' title='bbox 230 1342 261 1401; x_wconf 83' lang='grc' dir='ltr'>δὲ</span> <span class='ocrx_word' id='word_1_111' title='bbox 276 1341 332 1403; x_wconf 81' lang='grc' dir='ltr'>άπό</span> <span class='ocrx_word' id='word_1_112' title='bbox 349 1342 460 1404; x_wconf 88' lang='grc' dir='ltr'>δείπνου</span> <span class='ocrx_word' id='word_1_113' title='bbox 475 1339 558 1417; x_wconf 84' lang='grc' dir='ltr'>ἦσαν,</span> <span class='ocrx_word' id='word_1_114' title='bbox 573 1341 661 1418; x_wconf 82' lang='grc' dir='ltr'>εἴρετό</span> <span class='ocrx_word' id='word_1_115' title='bbox 677 1347 770 1418; x_wconf 83' lang='grc' dir='ltr'>σφεας</span> <span class='ocrx_word' id='word_1_116' title='bbox 787 1342 802 1402; x_wconf 88' lang='grc' dir='ltr'>ό</span> <span class='ocrx_word' id='word_1_117' title='bbox 816 1348 911 1420; x_wconf 83' lang='grc' dir='ltr'>Κῦρος</span> 
     </span>
     <span class='ocr_line' id='line_1_16' title="bbox 100 1426 913 1508; baseline 0.006 -22"><span class='ocrx_word' id='word_1_118' title='bbox 100 1426 208 1506; x_wconf 85' lang='grc' dir='ltr'>κότερα</span> <span class='ocrx_word' id='word_1_119' title='bbox 227 1428 264 1490; x_wconf 79' lang='grc' dir='ltr'>τά</span> <span class='ocrx_word' id='word_1_120' title='bbox 282 1434 319 1508; x_wconf 80' lang='grc' dir='ltr'>τῇ</span> <span class='ocrx_word' id='word_1_121' title='bbox 337 1430 489 1508; x_wconf 81' lang='grc' dir='ltr'>προτεραίῃ</span> <span class='ocrx_word' id='word_1_122' title='bbox 511 1428 588 1508; x_wconf 84' lang='grc' dir='ltr'>εἶχον</span> <span class='ocrx_word' id='word_1_123' title='bbox 606 1426 625 1506; x_wconf 83' lang='grc' dir='ltr'>ἢ</span> <span class='ocrx_word' id='word_1_124' title='bbox 645 1428 681 1488; x_wconf 85' lang='grc' dir='ltr'>ταὶ</span> <span class='ocrx_word' id='word_1_125' title='bbox 698 1429 839 1506; x_wconf 87' lang='grc' dir='ltr'>παρεόντα</span> <span class='ocrx_word' id='word_1_126' title='bbox 855 1436 913 1507; x_wconf 81' lang='grc' dir='ltr'>σφι</span> 
     </span>
     <span class='ocr_line' id='line_1_17' title="bbox 101 1516 913 1595; baseline 0.009 -22"><span class='ocrx_word' id='word_1_127' title='bbox 101 1516 146 1591; x_wconf 84' lang='grc' dir='ltr'>εἴη</span> <span class='ocrx_word' id='word_1_128' title='bbox 166 1517 337 1595; x_wconf 74' lang='grc' dir='ltr'>αἱρετώτερα</span> <span class='ocrx_word' id='word_1_129' title='bbox 347 1538 357 1591; x_wconf 77' lang='lat'><em>3</em></span> <span class='ocrx_word' id='word_1_130' title='bbox 378 1519 406 1577; x_wconf 81' lang='grc' dir='ltr'>οἱ</span> <span class='ocrx_word' id='word_1_131' title='bbox 424 1518 453 1577; x_wconf 83' lang='grc' dir='ltr'>δέ</span> <span class='ocrx_word' id='word_1_132' title='bbox 472 1518 584 1592; x_wconf 81' lang='grc' dir='ltr'>ἔφασαν</span> <span class='ocrx_word' id='word_1_133' title='bbox 601 1516 714 1578; x_wconf 78' lang='grc' dir='ltr'>πολλόν</span> <span class='ocrx_word' id='word_1_134' title='bbox 733 1517 802 1578; x_wconf 83' lang='grc' dir='ltr'>εἶναι</span> <span class='ocrx_word' id='word_1_135' title='bbox 821 1517 913 1580; x_wconf 72' lang='grc' dir='ltr'>αὐτῶν</span> 
     </span>
     <span class='ocr_line' id='line_1_18' title="bbox 99 1603 912 1687; baseline 0.006 -26"><span class='ocrx_word' id='word_1_136' title='bbox 99 1603 134 1662; x_wconf 79' lang='grc' dir='ltr'>τό</span> <span class='ocrx_word' id='word_1_137' title='bbox 153 1605 258 1680; x_wconf 86' lang='grc' dir='ltr'>μέσον·</span> <span class='ocrx_word' id='word_1_138' title='bbox 278 1605 330 1681; x_wconf 74' lang='grc' dir='ltr'>τήν</span> <span class='ocrx_word' id='word_1_139' title='bbox 343 1608 395 1681; x_wconf 81' lang='grc' dir='ltr'>μὲν</span> <span class='ocrx_word' id='word_1_140' title='bbox 406 1604 462 1687; x_wconf 80' lang='grc' dir='ltr'>γάρ</span> <span class='ocrx_word' id='word_1_141' title='bbox 480 1605 619 1683; x_wconf 84' lang='grc' dir='ltr'>προτέρην</span> <span class='ocrx_word' id='word_1_142' title='bbox 630 1603 738 1682; x_wconf 78' lang='grc' dir='ltr'>ἡμέρην</span> <span class='ocrx_word' id='word_1_143' title='bbox 750 1603 842 1666; x_wconf 89' lang='grc' dir='ltr'>πάντα</span> <span class='ocrx_word' id='word_1_144' title='bbox 854 1613 912 1684; x_wconf 80' lang='grc' dir='ltr'>σφι</span> 
     </span>
     <span class='ocr_line' id='line_1_19' title="bbox 102 1690 910 1776; baseline 0.009 -27"><span class='ocrx_word' id='word_1_145' title='bbox 102 1692 178 1752; x_wconf 85' lang='grc' dir='ltr'>κακοὶ</span> <span class='ocrx_word' id='word_1_146' title='bbox 196 1694 279 1773; x_wconf 85' lang='grc' dir='ltr'>ἔχειν,</span> <span class='ocrx_word' id='word_1_147' title='bbox 299 1692 351 1769; x_wconf 77' lang='grc' dir='ltr'>τήν</span> <span class='ocrx_word' id='word_1_148' title='bbox 372 1693 403 1753; x_wconf 80' lang='grc' dir='ltr'>δὲ</span> <span class='ocrx_word' id='word_1_149' title='bbox 425 1690 490 1754; x_wconf 87' lang='grc' dir='ltr'>τότε</span> <span class='ocrx_word' id='word_1_150' title='bbox 513 1695 676 1771; x_wconf 85' lang='grc' dir='ltr'>παρεοῦσαν</span> <span class='ocrx_word' id='word_1_151' title='bbox 694 1691 786 1775; x_wconf 88' lang='grc' dir='ltr'>πάντα</span> <span class='ocrx_word' id='word_1_152' title='bbox 806 1692 910 1776; x_wconf 80' lang='grc' dir='ltr'>ἀγαθά·</span> 
     </span>
     <span class='ocr_line' id='line_1_20' title="bbox 101 1780 913 1864; baseline 0.009 -28"><span class='ocrx_word' id='word_1_153' title='bbox 101 1781 285 1858; x_wconf 73' lang='grc' dir='ltr'>παραλαβών</span> <span class='ocrx_word' id='word_1_154' title='bbox 304 1781 436 1841; x_wconf 80' lang='grc' dir='ltr'>δὲταῦτα</span> <span class='ocrx_word' id='word_1_155' title='bbox 455 1780 490 1840; x_wconf 77' lang='grc' dir='ltr'>τό</span> <span class='ocrx_word' id='word_1_156' title='bbox 510 1781 576 1845; x_wconf 83' lang='grc' dir='ltr'>ἔπος</span> <span class='ocrx_word' id='word_1_157' title='bbox 591 1780 609 1841; x_wconf 82' lang='grc' dir='ltr'>ὁ</span> <span class='ocrx_word' id='word_1_158' title='bbox 627 1784 721 1858; x_wconf 82' lang='grc' dir='ltr'>Κῦρος</span> <span class='ocrx_word' id='word_1_159' title='bbox 733 1781 913 1864; x_wconf 71' lang='grc' dir='ltr'>παρεγύμνου</span> 
     </span>
     <span class='ocr_line' id='line_1_21' title="bbox 102 1866 913 1949; baseline 0.009 -25"><span class='ocrx_word' id='word_1_160' title='bbox 102 1866 154 1927; x_wconf 79' lang='grc' dir='ltr'>τόν</span> <span class='ocrx_word' id='word_1_161' title='bbox 166 1868 262 1929; x_wconf 86' lang='grc' dir='ltr'>πάντα</span> <span class='ocrx_word' id='word_1_162' title='bbox 275 1868 370 1949; x_wconf 89' lang='grc' dir='ltr'>λόγον,</span> <span class='ocrx_word' id='word_1_163' title='bbox 384 1868 484 1948; x_wconf 83' lang='grc' dir='ltr'>λέγων·</span> <span class='ocrx_word' id='word_1_164' title='bbox 505 1878 524 1905; x_wconf 89' lang='grc'><strong>“</strong></span> <span class='ocrx_word' id='word_1_165' title='bbox 532 1866 629 1946; x_wconf 78' lang='grc' dir='ltr'>ἄνδρες</span> <span class='ocrx_word' id='word_1_166' title='bbox 638 1868 760 1947; x_wconf 82' lang='grc' dir='ltr'>Πέρσαι,</span> <span class='ocrx_word' id='word_1_167' title='bbox 768 1868 913 1947; x_wconf 77' lang='grc' dir='ltr'>οὕτωόμῖν</span> 
     </span>
     <span class='ocr_line' id='line_1_22' title="bbox 103 1953 913 2034; baseline 0.009 -23"><span class='ocrx_word' id='word_1_168' title='bbox 103 1953 173 2033; x_wconf 78' lang='grc' dir='ltr'>ἔχει·</span> <span class='ocrx_word' id='word_1_169' title='bbox 195 1956 402 2033; x_wconf 88' lang='grc' dir='ltr'>βουλομένοισι</span> <span class='ocrx_word' id='word_1_170' title='bbox 414 1959 466 2034; x_wconf 82' lang='grc' dir='ltr'>μὲν</span> <span class='ocrx_word' id='word_1_171' title='bbox 480 1956 546 2033; x_wconf 83' lang='grc' dir='ltr'>ἐμέο</span> <span class='ocrx_word' id='word_1_172' title='bbox 558 1956 707 2017; x_wconf 87' lang='grc' dir='ltr'>πείθεσθαι</span> <span class='ocrx_word' id='word_1_173' title='bbox 724 1958 786 2017; x_wconf 80' lang='grc' dir='ltr'>ἐστι</span> <span class='ocrx_word' id='word_1_174' title='bbox 798 1956 864 2017; x_wconf 83' lang='grc' dir='ltr'>τάδε</span> <span class='ocrx_word' id='word_1_175' title='bbox 879 1983 913 2018; x_wconf 90' lang='grc' dir='ltr'>τε</span> 
     </span>
     <span class='ocr_line' id='line_1_23' title="bbox 104 2041 913 2125; baseline 0.007 -27"><span class='ocrx_word' id='word_1_176' title='bbox 104 2042 152 2101; x_wconf 85' lang='grc' dir='ltr'>καὶ</span> <span class='ocrx_word' id='word_1_177' title='bbox 173 2042 253 2103; x_wconf 77' lang='grc' dir='ltr'>ἄλλα</span> <span class='ocrx_word' id='word_1_178' title='bbox 272 2044 358 2122; x_wconf 88' lang='grc' dir='ltr'>μυρία</span> <span class='ocrx_word' id='word_1_179' title='bbox 378 2042 481 2125; x_wconf 80' lang='grc' dir='ltr'>ἀγαθά,</span> <span class='ocrx_word' id='word_1_180' title='bbox 498 2042 597 2103; x_wconf 78' lang='grc' dir='ltr'>οὐδένα</span> <span class='ocrx_word' id='word_1_181' title='bbox 615 2041 703 2105; x_wconf 90' lang='grc' dir='ltr'>πόνον</span> <span class='ocrx_word' id='word_1_182' title='bbox 718 2044 913 2121; x_wconf 88' lang='grc' dir='ltr'>δουλοπρεπέα</span> 
     </span>
     <span class='ocr_line' id='line_1_24' title="bbox 105 2128 913 2209; baseline 0.006 -22"><span class='ocrx_word' id='word_1_183' title='bbox 105 2128 216 2207; x_wconf 83' lang='grc' dir='ltr'>έχουσι·</span> <span class='ocrx_word' id='word_1_184' title='bbox 229 2130 270 2209; x_wconf 78' lang='grc' dir='ltr'>μὴ</span> <span class='ocrx_word' id='word_1_185' title='bbox 279 2132 485 2208; x_wconf 85' lang='grc' dir='ltr'>βουλομένοισι</span> <span class='ocrx_word' id='word_1_186' title='bbox 498 2131 529 2190; x_wconf 83' lang='grc' dir='ltr'>δὲ</span> <span class='ocrx_word' id='word_1_187' title='bbox 541 2130 607 2207; x_wconf 87' lang='grc' dir='ltr'>ἐμέο</span> <span class='ocrx_word' id='word_1_188' title='bbox 619 2130 768 2191; x_wconf 89' lang='grc' dir='ltr'>πείθεσθαι</span> <span class='ocrx_word' id='word_1_189' title='bbox 782 2131 837 2190; x_wconf 82' lang='grc' dir='ltr'>εἶσὶ</span> <span class='ocrx_word' id='word_1_190' title='bbox 846 2131 913 2208; x_wconf 75' lang='grc' dir='ltr'>ὑμῖν</span> 
     </span>
     <span class='ocr_line' id='line_1_25' title="bbox 104 2216 914 2298; baseline 0.002 -23"><span class='ocrx_word' id='word_1_191' title='bbox 104 2216 189 2278; x_wconf 91' lang='grc' dir='ltr'>πόνοι</span> <span class='ocrx_word' id='word_1_192' title='bbox 208 2224 248 2298; x_wconf 74' lang='grc' dir='ltr'>τῷ</span> <span class='ocrx_word' id='word_1_193' title='bbox 267 2220 354 2297; x_wconf 80' lang='grc' dir='ltr'>χθιζῷ</span> <span class='ocrx_word' id='word_1_194' title='bbox 373 2217 572 2295; x_wconf 87' lang='grc' dir='ltr'>παραπλήσιοι</span> <span class='ocrx_word' id='word_1_195' title='bbox 594 2216 789 2295; x_wconf 84' lang='grc' dir='ltr'>ἀναρίθμητοι·</span> <span class='ocrx_word' id='word_1_196' title='bbox 807 2222 858 2280; x_wconf 79' lang='grc' dir='ltr'>νῦν</span> <span class='ocrx_word' id='word_1_197' title='bbox 875 2217 914 2278; x_wconf 77' lang='grc' dir='ltr'>ὧν</span> 
     </span>
     <span class='ocr_line' id='line_1_26' title="bbox 107 2304 970 2391; baseline 0 -30"><span class='ocrx_word' id='word_1_198' title='bbox 107 2304 175 2381; x_wconf 89' lang='grc' dir='ltr'>ἐμέο</span> <span class='ocrx_word' id='word_1_199' title='bbox 195 2306 358 2384; x_wconf 88' lang='grc' dir='ltr'>πειθόμενοι</span> <span class='ocrx_word' id='word_1_200' title='bbox 377 2306 493 2387; x_wconf 81' lang='grc' dir='ltr'>γίνεσθε</span> <span class='ocrx_word' id='word_1_201' title='bbox 519 2304 670 2383; x_wconf 74' lang='grc' dir='ltr'>ἐλεύθεροι·</span> <span class='ocrx_word' id='word_1_202' title='bbox 697 2304 780 2367; x_wconf 78' lang='grc' dir='ltr'>αὐτός</span> <span class='ocrx_word' id='word_1_203' title='bbox 800 2329 832 2365; x_wconf 85' lang='grc' dir='ltr'>τε</span> <span class='ocrx_word' id='word_1_204' title='bbox 856 2305 913 2391; x_wconf 72' lang='grc' dir='ltr'>γὰρ</span> <span class='ocrx_word' id='word_1_205' title='bbox 968 2356 970 2361; x_wconf 91' lang='grc'>.</span> 
     </span>
     <span class='ocr_line' id='line_1_27' title="bbox 107 2390 914 2475; baseline 0.005 -25"><span class='ocrx_word' id='word_1_206' title='bbox 107 2390 195 2452; x_wconf 87' lang='grc' dir='ltr'>δοκέω</span> <span class='ocrx_word' id='word_1_207' title='bbox 209 2393 270 2472; x_wconf 82' lang='grc' dir='ltr'>θείη</span> <span class='ocrx_word' id='word_1_208' title='bbox 281 2392 353 2473; x_wconf 80' lang='grc' dir='ltr'>τάχη</span> <span class='ocrx_word' id='word_1_209' title='bbox 365 2391 487 2475; x_wconf 77' lang='grc' dir='ltr'>γεγονῶς</span> <span class='ocrx_word' id='word_1_210' title='bbox 498 2392 565 2453; x_wconf 89' lang='grc' dir='ltr'>τάδε</span> <span class='ocrx_word' id='word_1_211' title='bbox 578 2397 606 2455; x_wconf 81' lang='grc' dir='ltr'>ἐς</span> <span class='ocrx_word' id='word_1_212' title='bbox 616 2396 713 2472; x_wconf 84' lang='grc' dir='ltr'>χεῖρας</span> <span class='ocrx_word' id='word_1_213' title='bbox 725 2391 854 2473; x_wconf 79' lang='grc' dir='ltr'>ἄγεσθαι,</span> <span class='ocrx_word' id='word_1_214' title='bbox 867 2394 914 2454; x_wconf 86' lang='grc' dir='ltr'>καὶ</span> 
     </span>
     <span class='ocr_line' id='line_1_28' title="bbox 107 2477 913 2563; baseline 0.005 -25"><span class='ocrx_word' id='word_1_215' title='bbox 107 2477 196 2555; x_wconf 76' lang='grc' dir='ltr'>ῧμέας</span> <span class='ocrx_word' id='word_1_216' title='bbox 215 2480 323 2563; x_wconf 79' lang='grc' dir='ltr'>ἥγημαι</span> <span class='ocrx_word' id='word_1_217' title='bbox 342 2479 444 2559; x_wconf 78' lang='grc' dir='ltr'>ἄνδρας</span> <span class='ocrx_word' id='word_1_218' title='bbox 455 2477 562 2557; x_wconf 84' lang='grc' dir='ltr'>Μήδων</span> <span class='ocrx_word' id='word_1_219' title='bbox 575 2480 645 2541; x_wconf 80' lang='grc' dir='ltr'>εἶναι</span> <span class='ocrx_word' id='word_1_220' title='bbox 663 2480 695 2541; x_wconf 77' lang='grc' dir='ltr'>οὔ</span> <span class='ocrx_word' id='word_1_221' title='bbox 714 2483 913 2560; x_wconf 84' lang='grc' dir='ltr'>φαυλοτέρους,</span> 
     </span>
     <span class='ocr_line' id='line_1_29' title="bbox 109 2564 913 2648; baseline 0.009 -25"><span class='ocrx_word' id='word_1_222' title='bbox 109 2564 174 2627; x_wconf 71' lang='grc' dir='ltr'>οὔτε</span> <span class='ocrx_word' id='word_1_223' title='bbox 189 2568 226 2628; x_wconf 78' lang='grc' dir='ltr'>τά</span> <span class='ocrx_word' id='word_1_224' title='bbox 242 2567 320 2629; x_wconf 80' lang='grc' dir='ltr'>ἀλλα</span> <span class='ocrx_word' id='word_1_225' title='bbox 334 2566 397 2628; x_wconf 78' lang='grc' dir='ltr'>οὔτε</span> <span class='ocrx_word' id='word_1_226' title='bbox 411 2566 448 2628; x_wconf 82' lang='grc' dir='ltr'>τοὶ</span> <span class='ocrx_word' id='word_1_227' title='bbox 464 2569 599 2646; x_wconf 87' lang='grc' dir='ltr'>πολέμια·</span> <span class='ocrx_word' id='word_1_228' title='bbox 621 2568 657 2632; x_wconf 80' lang='grc' dir='ltr'>ὦς</span> <span class='ocrx_word' id='word_1_229' title='bbox 670 2567 708 2630; x_wconf 81' lang='grc' dir='ltr'>ὧν</span> <span class='ocrx_word' id='word_1_230' title='bbox 720 2568 839 2648; x_wconf 81' lang='grc' dir='ltr'>ἐχόντων</span> <span class='ocrx_word' id='word_1_231' title='bbox 852 2568 913 2643; x_wconf 81' lang='grc' dir='ltr'>ὦδε,</span> 
     </span>
     <span class='ocr_line' id='line_1_30' title="bbox 110 2650 760 2737; baseline 0.003 -24"><span class='ocrx_word' id='word_1_232' title='bbox 110 2650 273 2717; x_wconf 76' lang='grc' dir='ltr'>ἀπίστασθε</span> <span class='ocrx_word' id='word_1_233' title='bbox 286 2656 333 2715; x_wconf 80' lang='grc' dir='ltr'>ἀπ’</span> <span class='ocrx_word' id='word_1_234' title='bbox 346 2654 518 2737; x_wconf 85' lang='grc' dir='ltr'>Ἀστυάγεος</span> <span class='ocrx_word' id='word_1_235' title='bbox 530 2656 583 2731; x_wconf 70' lang='grc' dir='ltr'>τήν</span> <span class='ocrx_word' id='word_1_236' title='bbox 595 2656 760 2735; x_wconf 87' lang='grc' dir='ltr'>ταχίστην.”</span> 
     </span>
    </p>

    <p class='ocr_par' dir='ltr' id='par_1_2' title="bbox 111 2742 959 3347">
     <span class='ocr_line' id='line_1_31' title="bbox 151 2742 959 2824; baseline 0.004 -21"><span class='ocrx_word' id='word_1_237' title='bbox 151 2744 265 2821; x_wconf 90' lang='grc' dir='ltr'>Πέρσαι</span> <span class='ocrx_word' id='word_1_238' title='bbox 277 2743 329 2821; x_wconf 89' lang='grc' dir='ltr'>μέν</span> <span class='ocrx_word' id='word_1_239' title='bbox 341 2768 390 2805; x_wconf 91' lang='grc' dir='ltr'>νυν</span> <span class='ocrx_word' id='word_1_240' title='bbox 400 2742 566 2821; x_wconf 87' lang='grc' dir='ltr'>προστάτεω</span> <span class='ocrx_word' id='word_1_241' title='bbox 580 2743 792 2822; x_wconf 83' lang='grc' dir='ltr'>ἐπιλαβόμενοι,</span> <span class='ocrx_word' id='word_1_242' title='bbox 805 2745 893 2824; x_wconf 80' lang='grc' dir='ltr'>άσμε-</span> <span class='ocrx_word' id='word_1_243' title='bbox 903 2746 959 2806; x_wconf 82' lang='grc'>127</span> 
     </span>
     <span class='ocr_line' id='line_1_32' title="bbox 111 2830 914 2909; baseline 0.009 -23"><span class='ocrx_word' id='word_1_244' title='bbox 111 2851 155 2887; x_wconf 90' lang='grc' dir='ltr'>νοι</span> <span class='ocrx_word' id='word_1_245' title='bbox 175 2832 378 2909; x_wconf 80' lang='grc' dir='ltr'>ἐλευθεροῦντο,</span> <span class='ocrx_word' id='word_1_246' title='bbox 396 2831 443 2891; x_wconf 81' lang='grc' dir='ltr'>καὶ</span> <span class='ocrx_word' id='word_1_247' title='bbox 461 2830 552 2891; x_wconf 87' lang='grc' dir='ltr'>πάλαι</span> <span class='ocrx_word' id='word_1_248' title='bbox 572 2830 662 2892; x_wconf 78' lang='grc' dir='ltr'>δεινὰν</span> <span class='ocrx_word' id='word_1_249' title='bbox 680 2832 840 2909; x_wconf 77' lang='grc' dir='ltr'>ποιεύμενοι</span> <span class='ocrx_word' id='word_1_250' title='bbox 858 2832 914 2893; x_wconf 73' lang='grc' dir='ltr'>ὑπό</span> 
     </span>
     <span class='ocr_line' id='line_1_33' title="bbox 112 2914 915 3001; baseline 0.009 -28"><span class='ocrx_word' id='word_1_251' title='bbox 112 2914 219 2992; x_wconf 84' lang='grc' dir='ltr'>Μήδων</span> <span class='ocrx_word' id='word_1_252' title='bbox 233 2916 380 2998; x_wconf 75' lang='grc' dir='ltr'>ἄρχεσθαι·</span> <span class='ocrx_word' id='word_1_253' title='bbox 399 2917 611 3001; x_wconf 80' lang='grc' dir='ltr'>Ἀστυάγηςδὲ</span> <span class='ocrx_word' id='word_1_254' title='bbox 632 2917 668 2981; x_wconf 79' lang='grc' dir='ltr'>ὦς</span> <span class='ocrx_word' id='word_1_255' title='bbox 688 2917 805 2979; x_wconf 82' lang='grc' dir='ltr'>ἐπύθετο</span> <span class='ocrx_word' id='word_1_256' title='bbox 818 2924 915 2997; x_wconf 81' lang='grc' dir='ltr'>Κῦρον</span> 
     </span>
     <span class='ocr_line' id='line_1_34' title="bbox 112 3002 914 3087; baseline 0.004 -23"><span class='ocrx_word' id='word_1_257' title='bbox 112 3002 280 3078; x_wconf 82' lang='grc' dir='ltr'>πρήσσοντα</span> <span class='ocrx_word' id='word_1_258' title='bbox 295 3010 390 3077; x_wconf 80' lang='grc' dir='ltr'>ταῦτα,</span> <span class='ocrx_word' id='word_1_259' title='bbox 404 3005 517 3085; x_wconf 79' lang='grc' dir='ltr'>πέμψας</span> <span class='ocrx_word' id='word_1_260' title='bbox 530 3004 655 3087; x_wconf 76' lang='grc' dir='ltr'>ἄγγελον</span> <span class='ocrx_word' id='word_1_261' title='bbox 668 3002 766 3065; x_wconf 88' lang='grc' dir='ltr'>ἐκάλεε</span> <span class='ocrx_word' id='word_1_262' title='bbox 784 3005 876 3067; x_wconf 81' lang='grc' dir='ltr'>αι’ντόν·</span> <span class='ocrx_word' id='word_1_263' title='bbox 897 3006 914 3067; x_wconf 83' lang='grc' dir='ltr'>ό</span> 
     </span>
     <span class='ocr_line' id='line_1_35' title="bbox 114 3086 915 3174; baseline 0.007 -28"><span class='ocrx_word' id='word_1_264' title='bbox 114 3086 145 3148; x_wconf 82' lang='grc' dir='ltr'>δὲ</span> <span class='ocrx_word' id='word_1_265' title='bbox 156 3096 249 3171; x_wconf 82' lang='grc' dir='ltr'>Κῦρος</span> <span class='ocrx_word' id='word_1_266' title='bbox 263 3094 372 3153; x_wconf 81' lang='grc' dir='ltr'>ἐκέλευε</span> <span class='ocrx_word' id='word_1_267' title='bbox 383 3092 434 3154; x_wconf 86' lang='grc' dir='ltr'>τδν</span> <span class='ocrx_word' id='word_1_268' title='bbox 446 3092 570 3174; x_wconf 78' lang='grc' dir='ltr'>ἄγγελον</span> <span class='ocrx_word' id='word_1_269' title='bbox 582 3091 782 3174; x_wconf 77' lang='grc' dir='ltr'>ἀπαγγέλλειν,</span> <span class='ocrx_word' id='word_1_270' title='bbox 791 3092 835 3153; x_wconf 84' lang='grc' dir='ltr'>ὅτι</span> <span class='ocrx_word' id='word_1_271' title='bbox 846 3092 915 3171; x_wconf 91' lang='grc' dir='ltr'>πρό-</span> 
     </span>
     <span class='ocr_line' id='line_1_36' title="bbox 113 3178 914 3261; baseline 0.006 -26"><span class='ocrx_word' id='word_1_272' title='bbox 113 3199 194 3255; x_wconf 90' lang='grc' dir='ltr'>τερον</span> <span class='ocrx_word' id='word_1_273' title='bbox 204 3179 268 3261; x_wconf 80' lang='grc' dir='ltr'>ἥξοι</span> <span class='ocrx_word' id='word_1_274' title='bbox 280 3180 345 3259; x_wconf 86' lang='grc' dir='ltr'>παρ’</span> <span class='ocrx_word' id='word_1_275' title='bbox 360 3184 463 3241; x_wconf 81' lang='grc' dir='ltr'>ἐκεῖνον</span> <span class='ocrx_word' id='word_1_276' title='bbox 474 3179 493 3257; x_wconf 80' lang='grc' dir='ltr'><strong><em>ἢ</em></strong></span> <span class='ocrx_word' id='word_1_277' title='bbox 506 3179 590 3243; x_wconf 74' lang='grc' dir='ltr'>αὐτὸς</span> <span class='ocrx_word' id='word_1_278' title='bbox 601 3178 761 3259; x_wconf 81' lang='grc' dir='ltr'>Ἀστυάγης</span> <span class='ocrx_word' id='word_1_279' title='bbox 767 3179 914 3257; x_wconf 76' lang='grc' dir='ltr'>βούλεται·</span> 
     </span>
     <span class='ocr_line' id='line_1_37' title="bbox 115 3260 915 3347; baseline 0.005 -24"><span class='ocrx_word' id='word_1_280' title='bbox 115 3260 236 3332; x_wconf 77' lang='grc' dir='ltr'>ἀκούσας</span> <span class='ocrx_word' id='word_1_281' title='bbox 255 3268 393 3329; x_wconf 78' lang='grc' dir='ltr'>δὲταῦτα</span> <span class='ocrx_word' id='word_1_282' title='bbox 412 3267 429 3328; x_wconf 87' lang='grc' dir='ltr'>ό</span> <span class='ocrx_word' id='word_1_283' title='bbox 448 3265 608 3347; x_wconf 89' lang='grc' dir='ltr'>Ἀστυάγης</span> <span class='ocrx_word' id='word_1_284' title='bbox 627 3264 744 3341; x_wconf 87' lang='grc' dir='ltr'>Μήδους</span> <span class='ocrx_word' id='word_1_285' title='bbox 755 3292 786 3328; x_wconf 88' lang='grc' dir='ltr'>τε</span> <span class='ocrx_word' id='word_1_286' title='bbox 804 3265 915 3327; x_wconf 79' lang='grc' dir='ltr'>ὥπλισε</span> 
     </span>
    </p>
   </div>
   <div class='ocr_carea' id='block_1_2' title="bbox 0 0 1091 3500">
    <p class='ocr_par' dir='ltr' id='par_1_3' title="bbox 0 0 1091 3500">
     <span class='ocr_line' id='line_1_38' title="bbox 0 0 1091 3500; baseline 0 0"><span class='ocrx_word' id='word_1_287' title='bbox 0 0 1091 3500; x_wconf 95' lang='lat' dir='ltr'> </span> 
     </span>
    </p>
   </div>
  </div>
 </body>
</html>
