2150 3500
97 135 207 201 26-28]
439 138 572 189 οιιιαιι.
848 141 896 190 ιιι

98 216 242 293 Μακάρων
250 222 346 294 νῆσος·
362 222 390 283 ἐς
401 221 454 296 μέν
467 217 501 294 δὴ
514 222 615 278 τοῦτον
620 217 677 301 τόν
688 222 779 297 χῶρον
792 219 905 299 λέγεται

98 302 250 365 οἷπικέσθαι
261 306 311 365 τόν
324 304 455 380 στρατόν·
473 305 506 364 τδ
520 305 645 365 ἐνθεῦτεν
657 305 695 375 δὲ,
709 305 757 376 ὅτι,
765 305 805 382 μὴ
819 305 898 366 αὐτοὶ

98 389 253 467 Ἀμμώνιοι
266 391 312 450 καὶ
328 394 355 450 οἱ
374 391 478 453 τούτων
497 391 676 461 ἀκούσαντες,
690 390 775 453 ἄλλοι
791 392 899 459 ου’δένες

98 476 180 538 οὐδὲν
197 479 295 556 ἔχουσι
313 482 398 538 εἰπεῖν
418 480 483 557 περὶ
505 478 605 539 αὐτῶν·
627 479 764 559 οὔτεγὰρ
786 485 815 543 ἐς
833 479 900 545 τούς

96 563 271 642 Ἀμμωνίους
281 564 413 625 οἷπίκοντο
424 566 486 626 ούτε
499 565 591 627 ὀπίσω
602 566 768 642 ἐνόστησαν·
786 568 899 648 λέγεται

98 652 197 712 δὲκαὶ
217 652 283 713 τάδε
304 649 358 711 ὐπ’Δ
374 652 464 714 αὐτῶν
486 652 658 732 Ἀμμωνίων·
682 652 776 729 ἐπειδὴ
799 658 830 712 ἐκ
849 659 900 731 τῆς

96 739 215 803 Ὀάσιος
237 740 338 817 ταύτης
366 741 434 801 ἰέναι
456 741 502 801 διά
521 746 573 819 τῆς
593 741 710 821 ψάμμου
731 742 777 800 ἐπὶ
798 742 899 817 σφέας,

96 829 231 909 γενέσθαι
251 852 282 887 τε
302 828 402 891 αὐτούς
421 829 525 906 μεταξύ
546 855 596 889 κου
615 827 743 906 μάλιστα
764 828 853 890 αὐτῶν
868 855 900 905 τε

98 916 147 973 καὶ
166 920 217 991 τῆς
236 914 361 986 Ὀάσιος,
381 914 497 993 ἄριστον
514 917 701 994 αἱρεομένοισι
716 914 828 975 αύτοῖσι
843 922 900 977 ἐπι·

96 1007 218 1063 πνεῦσαι
238 1002 320 1064 νότον
334 1004 424 1086 μέγαν
440 1030 472 1064 τε
489 1004 542 1063 ’καὶ
559 1004 690 1075 ἐξαίσιον,
712 1005 851 1081 φορέοντα
870 1005 901 1064 δέ

98 1092 178 1155 θῖνας
203 1095 254 1167 τῆς
280 1091 398 1170 ψάμμου
417 1092 585 1171 καταχῶσαί
605 1097 707 1167 σφεας·
741 1092 787 1149 καὶ
806 1092 901 1171 τρόπω

96 1178 215 1259 τοιούτῳ
228 1178 429 1255 άφανισθῆναι.
469 1178 623 1256 Ἀμμώνιοι
635 1180 687 1254 μὲν
700 1176 901 1260 οὕτωλέγουσι

97 1267 232 1348 γενέσθαι
244 1266 308 1343 περὶ
321 1270 371 1341 τῆς
383 1272 518 1345 στρατιῆς
529 1266 639 1341 ταύτης.

140 1353 311 1436 Ἀπιγμένου
323 1354 354 1413 δὲ
367 1354 533 1430 Καμβύσεω
548 1360 576 1417 ἐς
585 1354 705 1429 Μέμφιν
719 1351 807 1429 ἐφάνη
818 1356 901 1434 Αἶγυ-
909 1355 947 1413 27

97 1443 210 1503 πτίοισι
229 1442 353 1512 όἈπις,
373 1441 425 1503 τόν
439 1442 581 1518 Ἕλληνες
596 1440 732 1518 Ἔπαφον
758 1442 901 1501 καλέουσι·

99 1529 251 1606 ἐπιφανέος
266 1531 296 1589 δὲ
310 1529 410 1590 τούτου
427 1529 587 1612 γενομένου,
601 1527 700 1588 αὐτίκα
713 1530 740 1587 οἶ
753 1526 902 1608 Αἰγύπτιοι

98 1616 201 1694 εἵματά
214 1643 245 1677 τε
258 1616 376 1695 ἐφόρεον
385 1616 421 1677 τά
435 1616 578 1677 κάλλιστα
591 1616 637 1675 καὶ
649 1615 724 1692 ἦσαν
735 1620 764 1675 ἐν
775 1615 901 1693 θαλίῃσι·

99 1704 165 1766 ἰδών
187 1704 217 1765 δὲ
237 1710 325 1765 ταῦτα
342 1704 408 1769 τούς
423 1706 594 1786 Αἰγυπτίους
614 1708 761 1767 ποιεῦντας
781 1702 798 1764 ὁ
820 1709 901 1781 Καμ-

97 1793 202 1870 βύσης,
215 1793 312 1875 πάγχυ
330 1794 422 1870 σφέας
442 1793 594 1864 καταδόξας
611 1795 711 1853 ἑωυτοῦ
731 1796 819 1856 κακῶς
831 1792 901 1869 πρή·

98 1881 199 1950 ξαντος
217 1880 384 1961 χαρμόσυνα
401 1885 490 1942 ταῦτα
509 1883 621 1952 ποιέειν,
642 1879 739 1940 ἐκάλεε
759 1879 824 1942 τούς
845 1885 902 1938 ἐπι-

97 1968 221 2047 τρόπους
248 1973 299 2046 τῆς
327 1970 471 2046 Μέμφιος·
512 1967 697 2045 ἀπικομένους
725 1968 756 2026 δὲ
782 1973 810 2030 ἐς
836 1966 902 2044 ὄψιν

99 2057 190 2134 ε’ίρετο
207 2056 225 2118 ὅ
244 2083 273 2118 τι
292 2056 429 2134 πρότερον
449 2058 501 2133 μέν
521 2056 614 2120 ἐόντος
634 2054 718 2115 αύτοΰ
739 2060 768 2114 ἐν
788 2056 900 2131 Μέμφι,

99 2147 211 2206 ἐποίευν
239 2149 365 2206 τοιοῦτον
391 2143 471 2205 ούδέν
497 2142 654 2224 Αἰγύπτιοι,
681 2139 746 2202 τότε
776 2141 815 2211 δέ,
842 2141 902 2200 ἐπεὶ

99 2232 185 2296 αύτδς
203 2235 303 2311 παρείη
322 2237 373 2308 τῆς
393 2234 527 2310 στρατιῆς
550 2230 661 2305 πλῆθός
680 2254 708 2289 τι
727 2227 900 2304 άποβαλύν;

99 2323 129 2382 οἶ
146 2321 177 2380 δέ
198 2322 319 2398 ἔφραζον
339 2319 375 2385 ὥς
394 2327 451 2398 σφι
471 2319 535 2382 θεός
555 2319 597 2395 εἴη
618 2318 714 2393 φανεὶς
734 2315 780 2375 διαὶ
798 2315 902 2396 χρόνου

98 2412 213 2468 πολλοῦ
239 2409 328 2472 ἐωθιδς
354 2408 561 2485 ἐπιφαίνεσθαι,
582 2405 630 2464 καὶ
653 2405 689 2469 οἷς
711 2404 795 2466 ἐπεάν
815 2408 901 2484 φανῇ,

98 2495 166 2557 τότε
192 2495 292 2560 πάντες
319 2499 346 2556 οἱ
365 2496 515 2577 Αἰγύπτιοι
540 2492 723 2574 κεχαρηκότες
749 2492 899 2571 ὁρτάζοιεν·

99 2587 189 2645 ταῦτα
206 2583 329 2647 οἰκούσας
343 2583 360 2644 ό
381 2581 545 2660 Καμβύσης
560 2584 616 2659 ἔφη
633 2580 789 2660 ψεύδεσθαί
798 2589 900 2659 σφεας·

101 2673 149 2732 καὶ
169 2671 205 2736 ὥς
226 2671 411 2750 ψευδομένους
431 2671 541 2750 θανάτῳ
561 2671 683 2747 ἐζημίου.
723 2669 949 2732 Ἀποκτείνας28

101 2761 132 2821 δὲ
157 2759 280 2831 τούτους,
307 2759 420 2838 δεύτερα
446 2758 511 2823 τούς
544 2759 618 2838 ἱρέας
646 2757 743 2817 ἐκάλεε
770 2762 798 2820 ἐς
824 2754 899 2833 ὄψιν·

100 2847 241 2930 λεγόντων
253 2848 284 2907 δέ
297 2846 367 2908 κατὰ
379 2847 416 2907 τά
429 2845 499 2906 αύτοῖ
511 2849 567 2905 τῶν
581 2846 667 2921 ἱρέων,
682 2844 714 2904 ού
731 2843 833 2919 λη’σειν
845 2843 900 2919 ἐφη

100 2935 187 2997 αὐτόν
207 2940 231 2996 εἰ
251 2934 314 2999 θεός
335 2961 379 2998 τις
403 2933 552 3014 χειροήθης
578 2931 730 3012 ἀπιγμένος
751 2932 792 3006 ε’ίη
819 2933 902 3011 Αἶγυ1

99 3025 219 3085 πτίοισι·
254 3027 380 3096 τοσαῦτα
407 3022 437 3083 δέ
464 3023 551 3092 εἶπας,
578 3019 691 3101 ἐπάγειν
718 3019 828 3077 ἐκέλευε
852 3017 902 3077 τόν

94 3111 184 3172 ’Ἀπιν
195 3111 262 3174 τούς
274 3111 357 3188 ἱρέας·
378 3113 405 3170 οἶ
417 3111 469 3188 μέν
485 3109 519 3186 δὴ
533 3107 672 3185 μετήῖσαν
686 3104 807 3174 άξοντες·
827 3103 900 3182 (ὅδὲ

94 3198 183 3263 Ἀπις
202 3196 283 3263 οὗτος
302 3198 331 3280 [ὁ
348 3197 502 3278 Ἔπαφος]
521 3197 629 3278 γίνεται
649 3193 760 3272 μόσχος
780 3197 811 3252 ἐκ
830 3191 903 3269 βοός

99 3285 164 3364 ἥτις
196 3284 287 3346 οὐκέτι
319 3285 365 3361 οἴη
392 3309 425 3346 τε
456 3286 562 3364 γίνεται
590 3287 618 3346 ἐς
651 3281 777 3364 γαστέρα
810 3277 902 3339 ἄλλον
