2150 3500
103 115 222 181 69-7Ι]
454 117 567 166 ΚΛΕΙΩ.
882 119 914 166 33

102 194 230 273 στήμων
242 195 465 272 προσκαλέομαι,
480 196 567 271 φίλος
577 221 610 254 τε
622 196 712 254 θέλων
724 195 856 276 γενέσθαι
868 193 915 254 καὶ

103 282 263 362 σύμμαχος
275 281 339 342 ἄνευ
351 309 382 342 τε
395 282 480 342 δόλου
494 283 541 341 καὶ
553 281 686 358 άπατης.”
724 285 850 358 Κροῖσος
861 283 914 358 μὲν

104 369 144 446 δὴ
166 375 256 431 ταῦτα
275 369 308 429 δι’
322 369 449 451 ἀγγέλων
469 369 689 446 ἐπεκηρυκεύετο,
703 368 916 445 Λακεδαιμόνιοι

105 457 139 516 δὲ
166 456 315 535 α’κηκοάτες
336 458 382 517 καὶ
402 457 481 518 αὐτοὶ
501 457 534 517 τό
556 455 724 534 θεοπρόπων
741 456 776 516 τό
799 458 916 537 Κροίσῳ

105 545 268 626 γενόμενον,
289 544 423 622 ἥσθησάν
445 571 476 605 τε
498 549 534 624 τῇ
557 543 726 621 ἀφίξεῐτῶν
748 544 846 604 Λυδῶν
869 545 915 604 καὶ

106 634 282 710 ἐποιήσαντο
303 632 384 710 ὅρκια
405 633 504 709 ξεινίης
524 633 589 711 πέρι
612 633 658 692 καὶ
679 631 845 711 ξυμμαχίης·
870 631 916 691 καὶ

105 720 167 803 γάρ
181 747 253 786 τινες
271 719 369 784 αὖτοιῖς
388 720 543 802 εὐεργεσίαι
562 720 638 799 εἶχον
656 724 687 779 ἐκ
705 721 832 797 Κροίσου
848 719 915 796 πρό-

105 834 193 886 τερον
205 809 244 870 έτι
257 813 406 892 γεγονυῖαι·
421 809 582 887 πέμψαντες
593 806 649 888 γοῖρ
662 809 690 867 οἶ
702 806 916 884 Λακεδαιμόνιοι

107 902 138 960 ἐς
160 896 260 976 Σάρδις
280 897 389 977 χρυσόν
410 895 533 966 ιίνέοντο,
556 901 584 958 ἐς
603 894 724 977 άγολμα
743 894 915 972 βουλόμενοι

106 984 275 1064 χρήσασθαι
292 989 375 1045 τοῦτο
390 984 423 1045 τό
440 989 489 1045 νῦν
504 989 556 1060 τῆς
570 987 731 1059 Λακωνικῆς
750 987 779 1043 ε’ν
794 982 915 1059 Θόρνακι

109 1073 218 1151 ἵδρυται
238 1073 428 1136 Ἀπόλλωνος·
455 1077 583 1149 Κροῖσος
604 1071 636 1132 δέ
658 1077 715 1147 σφι
738 1069 915 1147 ὠνεομένοισι

109 1161 193 1220 ἔδωκε
210 1161 333 1237 δωτίνην.
373 1158 484 1220 Τούτων
500 1186 532 1219 τε
553 1159 590 1218 ὧν
611 1159 712 1218 εἵνεκεν
733 1161 760 1218 οἱ
781 1158 962 1220 Λακεδαι-ῚΟ

107 1247 203 1325 μόνιοι
219 1247 271 1324 την
289 1248 452 1326 συμμαχίην
471 1247 607 1316 ἐδέξαντο,
624 1246 670 1308 καῖ
690 1244 734 1306 ὅτι
755 1251 785 1304 ε’κ
805 1244 915 1306 πάντων

108 1337 204 1412 σφέας
229 1337 378 1414 προκρίνας
404 1334 550 1411 Ἑλλήνων
579 1334 685 1411 αἱρέετο
714 1334 825 1410 φίλους·
859 1333 914 1403 καὶ,

107 1427 254 1501 τοῦτομὲν
267 1423 345 1484 αὐτοὶ
357 1423 432 1500 ἦσαν
446 1427 553 1500 ἑτοῖμοι
566 1422 772 1503 ἐπαγγείλαντι·
788 1424 872 1481 τοῦτο
884 1422 915 1482 δὲ

107 1511 296 1589 ποιησάμενοι
325 1516 449 1590 κρητῆρα
474 1510 605 1590 χάλκεον,
633 1510 735 1581 ζωδίων
759 1535 791 1570 τε
817 1509 915 1579 ἔξωθεν

109 1599 271 1676 πλήσαντες
290 1601 354 1678 περὶ
373 1599 406 1661 τό
426 1603 522 1679 χεῖλος
543 1599 589 1658 καὶ
606 1597 723 1679 μεγάθεϊ
739 1598 915 1675 τριηκοσίους

109 1685 254 1767 ἀμφορέας
277 1689 418 1769 χωρέοντα
440 1687 518 1769 ἦγον,
541 1687 629 1767 δῶρον
649 1686 820 1764 βουλόμενοι
841 1684 914 1746 άντι-

109 1777 206 1837 δοῦναι
232 1778 357 1857 Κροίσῳ.
399 1774 479 1839 οὗτος
501 1776 517 1836 ὁ
541 1775 647 1853 κρητὴρ
669 1774 720 1835 οὐκ
745 1774 860 1836 άπίκετο
886 1780 915 1838 ές

111 1864 219 1943 Σάρδις,
233 1864 267 1924 δι’
281 1866 370 1928 αἰτίας
383 1864 517 1940 διφασίας
532 1861 798 1944 λεγομένας-τάσδε·
819 1865 847 1921 οἱ
862 1864 914 1940 μὲν

109 1951 324 2029 Λακεδαιμόνιοι
333 1954 466 2034 λέγουσι,
483 1951 519 2013 οῖς
537 1952 599 2010 ἐπεί
613 1976 645 2010 τε
662 1948 798 2031 άγόμενος
816 1954 844 2013 ἒς
863 1948 914 2014 τὰς

111 2040 212 2116 Σάρδις
223 2040 240 2101 ὁ
255 2040 360 2117 κρητὴρ
373 2040 478 2120 ἐγίνετο
489 2038 561 2098 κατὰ
570 2036 623 2113 την
633 2038 750 2115 Σαμίην,
760 2036 913 2115 πυθόμενοι

111 2127 214 2204 Σάμιοι
239 2127 390 2190 ἀπελοίατο
417 2126 502 2187 αὐτόν
528 2125 612 2202 νηυσὶ
637 2128 764 2203 μακρῇσι
793 2124 913 2184 ε’πιπλιό-

110 2240 220 2279 σαντες.
261 2214 340 2275 αὐτοὶ
358 2215 388 2275 δὲ
404 2214 508 2292 Σάμιοι
523 2214 650 2293 λέγουσι,
665 2211 702 2275 οἷς
716 2212 777 2271 ε’πεί
789 2236 821 2271 τε
833 2210 913 2271 ὑστέ-

111 2328 202 2380 ρησαν
222 2305 249 2362 οῖ
269 2301 382 2383 άγοντες
401 2306 457 2361 ταῖν
473 2300 697 2377 Λακεδαιμονίων
713 2297 763 2359 τόν
780 2302 912 2376 κρητῆρα,

111 2390 295 2452 ἐπυνθάνοντο
319 2390 349 2449 δὲ
369 2388 471 2466 Σάρδις
492 2414 524 2449 τε
548 2389 594 2448 καὶ
617 2390 744 2465 Κροῖσον
767 2386 912 2463 ἡλωκέναι,

111 2477 245 2539 ἀπέδοντο
262 2478 312 2538 τόν
329 2480 453 2555 κρητῆρα
470 2482 500 2537 ε’ν
519 2475 615 2555 Σάμῳ·
637 2474 744 2538 ἰδιώτας
765 2476 795 2534 δὲ
814 2474 914 2555 ἄνδρας

111 2567 277 2643 πριαμένους
289 2564 433 2625 α’ναθεῖναί
442 2590 491 2642 μιν
504 2570 532 2628 ε’ς
544 2565 578 2625 τό
591 2565 718 2643 Ἡραῖον.
749 2563 824 2643 τάχα
836 2564 867 2626 δὲ
879 2563 914 2626 ἂν

112 2656 157 2712 καὶ
170 2657 197 2713 οῖ
211 2652 378 2729 ἀποδόμενοι
391 2654 501 2733 λέγοιεν
514 2652 678 2730 ἀπικόμενοι
688 2657 716 2715 ἐς
727 2653 867 2729 Σπάρτην,
878 2652 913 2717 οῖς

112 2740 327 2819 ἀπαιρεθείησαν
340 2739 396 2809 ὑπό,
409 2741 531 2819 Σαμίων.
574 2740 645 2802 κατοὶ
657 2740 710 2817 μέν
721 2765 770 2800 νυν
783 2740 834 2801 τὸν
850 2765 912 2817 κρη-

111 2832 182 2906 τῆρα
195 2828 280 2892 οὕτως
293 2828 370 2908 έσχε.

151 2919 277 2994 Κροῖσος
290 2916 320 2975 δὲ
332 2915 464 2993 α’μαρτοῖν
474 2919 525 2976 τοῦ
537 2920 678 2995 χρησμοῦ,
693 2914 816 2975 ε’ποιέετο
829 2915 958 2989 (κτρα-71

112 3004 189 3080 τηίην
209 3009 237 3066 ἐς
258 3002 469 3088 Καππαδοκίην,
484 3006 605 3067 ε’λπίσας
625 3000 803 3079 καταιρήσειν
819 2999 914 3077 Κῦρόν

113 3117 142 3150 τε
154 3092 200 3150 καὶ
212 3090 265 3166 τήν
279 3090 413 3166 Περσέων
426 3089 551 3166 δύναμιν.

151 3178 440 3255 Παρασκευσζομένου
456 3178 486 3236 δὲ
504 3176 633 3253 Κροίσου
650 3172 852 3250 στρατεύεσθαι
868 3176 915 3249 ἐπὶ

116 3267 236 3388 Πέρσρς,
259 3269 314 3326 τῶν
333 3288 376 3327 τις
397 3264 496 3325 Λυδῶν
521 3261 701 3341 νομιζόμενος
723 3261 772 3320 καὶ
789 3261 914 3340 πρόσθεν
