2150 3500
89 155 205 220 ιιι-οι]
433 155 568 205 omn.
843 154 893 203 τοι

86 236 241 297 τεθνεῶτες
260 232 421 303 άνεστέασι,
433 232 590 309 προσδέκεό
607 257 653 292 τοι
671 232 718 291 καὶ
734 230 895 312 Ἀστυάγεα

86 322 143 383 τόν
159 322 261 397 Μῆδον
277 320 536 396 ἐπαναστήσεσθαι·
559 324 583 379 εἰ
600 319 624 380 δ’
642 320 703 379 ἔστι
723 318 818 395 ὥσπερ
838 319 895 396 πρό

92 409 201 480 τοῦ,ού
220 410 262 485 μή
281 435 309 469 τι
328 435 374 469 τοι
392 410 423 467 έκ
442 434 477 490 γε
497 408 601 469 ἐκείνου
620 406 753 485 νεώτερον
768 406 894 483 οἷναβλα-

88 498 208 573 στήσει.
249 501 297 557 νῦν
327 496 364 557 ὧν
392 521 442 573 μοι
474 496 571 567 δοκέει,
597 494 818 573 μεταδιώξαντας
844 495 896 555 τόν

89 585 201 661 κήρυκα
218 584 354 656 ἐξετάζειν
371 587 547 660 εἰρωτεῦντας
561 582 626 662 παρ’
639 582 702 643 ὅτευ
720 581 794 659 ἥκων
809 608 895 660 προα-

88 672 204 757 γορεύει
223 672 292 749 ἡμῖν
312 672 447 750 Σμέρδιος
467 673 607 748 βασιλέος
629 670 771 741 άκούειν;”
801 676 895 732 Ταῦτα
904 674 942 733 63

90 756 224 824 εἴπαντος
240 760 436 837 Πρηξάσπεος,
449 758 536 837 ἤρεσε
552 760 609 842 γάρ
627 758 785 839 Καμβύση,
798 759 897 819 αύτίκα

90 849 280 926 μεταδίωκτος
298 847 446 930 γενόμενος
466 847 483 909 ά
504 848 592 925 κῆρυξ
608 846 669 925 ἧκε·
693 848 846 929 ἀπιγμένον
866 849 897 908 δέ

90 962 144 1012 μιν
163 936 251 1013 εἴρετο
269 935 285 996 ά
299 936 476 1015 Πρηξάσπης
492 935 568 995 τάδε·
589 933 752 1012 ’(άνθρωπε,
767 936 824 1014 φῂς
841 936 896 1017 γάρ

90 1022 173 1099 ἥκειν
195 1023 272 1101 παρά
292 1024 428 1101 Σμέρδιος
449 1028 500 1083 τοῦ
524 1022 620 1100 Κύρου
640 1021 769 1104 ἅγγελος,
789 1028 840 1083 νῦν
859 1022 897 1084 ὦν

92 1112 177 1175 ε’ίπας
189 1112 242 1187 τήν
258 1111 396 1189 άληθηίην
412 1109 492 1171 ἄπιθι
509 1111 623 1191 χαίρων·
644 1109 744 1187 κότερα
757 1109 841 1174 αύτός
851 1135 897 1170 τοι

93 1200 216 1276 Σμέρδις
230 1200 398 1277 φαινόμενος
410 1204 438 1262 ές
451 1197 517 1275 ὄψιν
530 1198 690 1258 ἐνετέλλετο
702 1202 798 1267 ταῦτα,
811 1196 830 1273 ἦ
842 1202 898 1258 τῶν

92 1312 139 1351 τις
161 1289 264 1347 ἐκείνου
284 1286 474 1363 ύπηρετέων;”
502 1285 518 1346 ὁ
539 1286 570 1346 δὲ
589 1285 659 1345 εἶπε·
683 1284 758 1365 ((έγώ
779 1285 898 1363 Σμέρδιν

92 1377 150 1453 μὲν
162 1375 212 1435 τόν
228 1374 332 1452 Κύρου,
347 1375 378 1444 ἐξ
389 1373 456 1435 ὅτου
468 1372 610 1451 βασιλεύς
629 1371 794 1450 Καμβύσης
805 1372 898 1448 ἤλασε

95 1468 131 1530 ε’ς,
147 1465 297 1545 Αἴγυπτον,
318 1460 351 1523 ού
371 1488 411 1522 κω
430 1460 540 1523 ὄπωπα·
564 1461 580 1523 ά
601 1462 632 1521 δέ
649 1486 699 1538 μοι
719 1460 828 1543 Μάγος,
848 1462 898 1523 τόν

94 1551 262 1633 Καμβύσης
288 1552 438 1628 ἐπίτροπον
464 1553 520 1610 τῶν
548 1550 641 1609 οἰκίων
667 1549 790 1619 ἀπέδεξε,
818 1546 897 1615 οὗτος

93 1642 185 1698 ταῦτα
199 1639 365 1710 ε’νετείλατο,
379 1638 436 1713 φαὶς
455 1638 575 1714 Σμέρδιν
590 1636 640 1698 τόν
657 1637 753 1714 Κύρου
767 1637 837 1698 εἶναι
848 1638 898 1698 τόν

94 1728 186 1787 ταῦτα
200 1727 362 1803 ἐπιθέμενον
376 1725 451 1786 εἴποι
464 1725 534 1804 πρός
547 1723 660 1804 ύμέας.”
699 1724 716 1786 ό
728 1728 781 1803 μὲν
794 1725 829 1802 δή
841 1733 898 1804 σφι

95 1815 179 1895 ἔλεγε
195 1813 274 1875 ούδέν
294 1813 572 1892 ἐπικατεψευσμένος·
593 1814 757 1891 Καμβύσης
776 1814 806 1875 δὲ
826 1815 895 1874 εἶπε·

96 1913 118 1940 “
125 1903 307 1979 Πρήξασπες,
325 1901 363 1962 σύ
380 1905 433 1979 μὲν
450 1903 496 1962 οἶα
514 1901 586 1979 αἶνῆρ
604 1897 709 1983 άγαθός
724 1902 846 1979 ποιήσας
864 1902 898 1964 τό

96 1990 282 2066 κελευόμενον
302 1991 392 2066 αἰτίην
411 1989 595 2070 ἐκπέφευγας·
616 1990 679 2066 ἐμοὶ
696 1990 726 2049 δὲ
742 1992 785 2054 τίς
804 1989 839 2050 ἂν
856 1993 899 2067 εἴη

97 2077 235 2155 Περσέων
255 2077 271 2138 ό
292 2077 472 2149 ε’πανεστειδς,
492 2077 666 2153 ἐπιβατεύων
692 2080 742 2136 τοῦ
765 2078 898 2154 Σμέρδιος

97 2163 251 2241 οὐνόματος
259 2163 284 2236 ;”
305 2164 321 2224 ὁ
335 2165 365 2224 δὲ
378 2164 447 2224 είπε·
468 2175 487 2201 “
496 2165 551 2245 ε’γιά
565 2189 615 2241 μοι
631 2163 717 2224 δοκέω
730 2164 853 2224 συνιέναι
864 2166 898 2226 τό

96 2252 214 2333 γεγονός
239 2255 332 2323 τοῦτο,
353 2252 374 2311 ὦ
393 2254 529 2328 βασιλεῦ·
564 2255 591 2312 οἶ
611 2252 709 2332 Μάγοι
731 2253 789 2312 εἰσί
808 2278 853 2312 τοι
872 2256 900 2313 οἶ

98 2345 309 2412 ἐπανεστεῶτες,
322 2339 373 2401 τόν
387 2366 419 2400 τε
437 2341 530 2403 ἔλιπες
549 2340 706 2417 μελεδωνόν
724 2344 779 2401 τῶν
800 2341 898 2412 οἰκίων,

99 2428 277 2505 Πατιζείθης,
291 2429 338 2488 καὶ
351 2427 367 2488 ὁ
379 2427 480 2489 τούτου
498 2427 637 2506 ἀδελφεός
655 2427 800 2505 Σμέρδις.”
838 2427 898 2489 Ἐν·
908 2431 947 2489 64

100 2515 190 2575 θαιῦτα
215 2515 376 2577 άκούσαντα
402 2516 567 2592 Καμβύσεα
588 2515 621 2577 τά
642 2516 776 2594 Σμέρδιος
795 2516 900 2595 ούνομα

100 2603 184 2679 έτυψε
195 2601 214 2678 ἦ
227 2603 350 2680 άληθηΐη
362 2607 419 2664 τῶν
430 2629 462 2664 τε
478 2603 571 2685 λόγων
589 2605 635 2663 καὶ
646 2609 697 2665 τοῦ
714 2606 850 2666 ε’νυπνίου·
869 2605 901 2670 ὃς

100 2687 193 2750 ε’δάκεε
206 2695 235 2750 ε’ν
254 2694 293 2770 τῷ
310 2690 386 2771 ὕπνῳ
406 2691 581 2773 ἀπαγγεῖλαί
594 2692 658 2753 τινά
678 2695 713 2762 οἶ,
730 2693 766 2756 ὦς
784 2693 902 2770 Σμέρδις

102 2776 227 2853 ἱζόμενος
239 2783 268 2841 ές
279 2778 330 2839 τόν
338 2779 495 2857 βασιλήϊον
506 2779 606 2857 θρόνον
615 2779 734 2857 ψαύσειε
742 2783 779 2857 τῇ
789 2783 901 2859 κεφαλῇ

102 2867 154 2924 τοῦ
175 2863 302 2942 ούρανοῦ·
322 2865 419 2943 μαθων
438 2867 468 2927 δὲ
488 2866 524 2936 οἷς
543 2866 636 2943 μάτην
655 2863 840 2929 άπολωλεκῶς
859 2868 902 2943 εἴη

100 2951 151 3013 τόν
164 2951 313 3030 αἷδελφεδν,
327 2953 462 3015 ἀπέκλαιε
475 2954 605 3032 Σμέρδιν,
616 2951 799 3018 ἀποκλαύσας
812 2954 843 3012 δὲ
856 2955 903 3013 καὶ

100 3041 326 3118 περιημεκτήσας
342 3046 378 3121 τῇ
395 3041 494 3121 ἁπάσῃ
512 3045 649 3120 συμφορῇ
668 3040 841 3118 άναθράσκει
856 3042 903 3101 ἐπὶ

101 3128 152 3190 τόν
179 3129 273 3199 ἵππον,
298 3134 328 3189 έν
351 3129 404 3208 νόω
428 3131 498 3208 ἔχων
520 3129 573 3204 τὴν
598 3130 738 3208 ταχίστην
757 3133 786 3191 ε’ς
805 3130 904 3192 Σοῦσα

101 3216 308 3293 στρατεύεσθαι
323 3217 371 3276 ἐπὶ
381 3216 432 3277 τόν
449 3216 562 3298 Μάγον·
582 3217 631 3276 καί
648 3219 676 3276 οἱ
696 3216 904 3294 ἀναθρώσκοντι

102 3303 150 3363 ε’πὶ
174 3301 225 3364 τόν
250 3303 345 3372 ἵππον,
368 3308 421 3362 τοῦ
445 3307 563 3365 κουλεοΰ
584 3308 636 3364 τοῦ
658 3304 756 3381 ξίφεος
778 3303 796 3364 ά
815 3304 905 3382 μύκης
