2150 3500
118 133 262 202 ιτς-ιιι]
466 135 578 186 mmo.
890 138 921 184 ω

115 241 167 294 ρος
188 213 283 298 ὀλίγῳ,
304 214 355 278 τοὶς
370 214 487 293 παρειάς
502 215 660 292 φιλέονται·
679 214 715 292 ἢν
734 215 766 274 δὲ
784 213 922 294 πολλῶῇ

117 301 231 380 οὕτερος
254 303 459 381 ἀγεννέστερος,
479 303 666 380 προσπίπτων
686 304 852 381 προσκυνέει
872 301 923 362 τάν

119 390 224 468 ἕτερον.
258 393 363 468 τιμῶσι
378 390 408 450 δὲ
425 395 455 450 ἐκ
471 390 582 451 πάντων
593 391 658 454 τούς
676 389 801 472 ἄγχιστα
817 393 922 451 ἑωυτῶν

121 478 270 550 οἰκέοντας,
277 477 349 556 μετιί
360 504 394 559 γε
404 477 527 542 ἑωυτούς·
542 479 655 556 δεύτερα
663 479 693 539 δὲ
700 479 764 543 τούς
771 479 922 556 δευτέρους·

120 563 194 642 μετοὶ
206 565 244 636 δὲ,
258 565 429 646 κατὰλόγον
441 567 643 645 προβαίνοντες
654 571 765 642 τιμῶσι,
778 565 881 642 ἥκιστα
893 567 924 626 δὲ

118 651 185 715 τούς
205 655 311 713 ἑωυτῶν
328 652 472 714 ἑκαστάτω
493 654 654 730 οἰκημένους
670 659 699 713 ἓν
711 658 779 732 τιμῇ
798 652 923 735 ἀγονται·
964 676 967 682 ‘

118 741 278 818 νομίζοντες
294 739 409 804 ἑωυτούς
425 741 494 801 εἶναι
510 740 663 818 ἀνθρώπων
675 745 772 819 μακρῷ
783 741 820 801 τὰ
831 741 924 801 πάντα

82 881 86 885 .
119 827 261 905 ἀρίστους,
277 828 342 892 τούς
358 829 387 887 δὲ
403 827 509 892 ἀλλους
525 829 596 889 κατά
609 827 697 910 λόγον
708 829 758 888 τῶν
770 827 923 910 λεγόμενον

119 919 172 991 τῆς
192 915 292 993 ἀρετῆς
311 915 488 995 ἀντέχεσθαι,
501 917 566 980 τούς
582 917 612 976 δὲ
628 915 772 977 ἑκαστάτω
785 917 924 980 οἰκέοντας

120 1001 179 1063 ἀπδ
200 1006 305 1064 έωυτῶν
323 1005 472 1066 κακίστους
488 1003 568 1064 εἶναι.
601 1004 648 1064 ἐπὶ
660 1004 690 1063 δὲ
708 1003 813 1079 Μήδων
825 1003 923 1082 ἀρχόν·

119 1116 177 1151 των
196 1092 243 1151 καὶ
261 1090 333 1171 ἦρχε
349 1091 386 1151 τὰ
402 1092 483 1152 ἔθνεα
503 1091 647 1167 ἀλλήλων·
675 1090 857 1152 συναπάντων
872 1094 925 1168 μὲν

121 1179 219 1254 Μῆδοι
241 1181 288 1238 καὶ
306 1183 362 1238 τῶν
383 1175 508 1260 ἄγχιστα
529 1179 672 1240 οἰκέοντων
686 1178 783 1256 σφίσι,
801 1176 877 1239 ούτοι
895 1180 926 1238 δὲ

122 1267 170 1326 καὶ
181 1270 237 1327 τῶν
250 1265 421 1344 ὁμούρων,οἱ
435 1267 465 1326 δὲ
477 1265 606 1343 μάλιστα
614 1271 669 1326 τῶν
680 1266 827 1345 ε’χομένων.
854 1265 926 1326 κατῶ

120 1352 172 1416 τῶν
185 1353 269 1414 αὐτῶν
282 1355 312 1414 δὲ
325 1353 472 1436 λόγονκαὶ
485 1356 512 1413 οἱ
525 1353 639 1430 Πέρσαι
647 1358 760 1430 τιμῶσι·
773 1353 925 1431 προέβαινε

120 1441 178 1522 γὰρ
191 1441 226 1517 δὴ
237 1441 271 1502 τά
284 1443 362 1505 ἔθνος
374 1440 463 1522 ἀρχον
470 1466 502 1502 τε
512 1442 559 1500 καὶ
570 1445 761 1518 ἐπιτροπεῦον.
794 1441 906 1504 Ξεινικῶ
916 1443 972 1502 135

122 1528 155 1588 δὲ
172 1528 276 1607 νόμαια
291 1530 405 1606 Πέρσαι
420 1529 585 1607 προσίενται
601 1527 708 1607 ἀνδρῶν
720 1528 859 1607 μάλιστα·
879 1530 926 1588 καὶ
943 1600 947 1607 ,

121 1615 180 1699 γάρ
196 1617 231 1694 δη
247 1618 300 1693 τὴν
317 1616 448 1693 Μηδικὴν
461 1618 570 1694 ε’σθῆτα
581 1618 746 1695 νομίσαντες
757 1621 808 1693 τῆς
821 1619 926 1677 ἑωυτῶν

123 1703 195 1765 εἶναι
214 1705 323 1766 καλλίω
343 1705 489 1783 φορέουσι,
508 1705 555 1766 καὶ
575 1709 603 1770 ἐς
620 1705 686 1770 τούς
704 1705 847 1783 πολέμους
861 1704 927 1769 τούς

122 1794 294 1874 Αἰγυπτίους
306 1792 438 1871 θῶρηκας.

166 1882 226 1941 Καὶ
236 1880 381 1945 εὐπαθείας
392 1906 424 1941 τε
435 1880 615 1943 παντοδαπῶς
622 1879 826 1959 πυνθανόμενοι
834 1886 927 1958 ἐπιτη-

123 1968 245 2043 δεύουσι,
267 1970 314 2028 καὶ
334 1968 367 2045 δὴ
389 1969 435 2028 καὶ
455 1967 502 2027 ἀπ’
522 1968 667 2045 Ἐλλήνων
687 1968 822 2045 μαθόντες
842 1971 927 2029 παισὶ

122 2058 286 2138 μίσγονται.
319 2057 459 2138 γαμέουσι
476 2055 499 2115 δ’
513 2056 630 2119 ἕκαστος
647 2055 736 2115 αύτῶν
751 2056 864 2119 πολλάς
876 2059 928 2132 μὲν

124 2144 266 2222 κουριδίας
281 2148 420 2225 γυναῖκας,
439 2148 539 2221 πολλῷ
552 2142 575 2202 δ’
589 2145 629 2202 έτι
641 2146 762 2207 πλεῦνας
779 2144 928 2207 παλλακαῖς

124 2237 253 2293 κτῶνται.
285 2232 474 2313 Ἀνδραγαθίη
496 2230 518 2290 δ’
538 2229 608 2306 αύτη
630 2230 817 2301 ἀποδέδεκται,
837 2230 975 2307 μετά136

124 2320 160 2380 τῶ
178 2319 323 2401 μάχεσθαι
342 2319 411 2380 εἶναι
431 2318 547 2405 ἀγαθῶν,
564 2318 595 2381 ὃς
610 2317 644 2378 ἂν
660 2318 786 2381 πολλούς
805 2318 928 2397 ἀποδέξῃ

125 2408 238 2472 παῖδας·
265 2412 304 2487 τῷ
325 2407 355 2467 δὲ
377 2406 442 2471 τούς
467 2408 620 2469 πλείστους
644 2405 834 2467 ἀποδεικνύντι
854 2406 929 2483 δῶρα

126 2496 264 2573 ἐκπέμπει
282 2496 299 2556 ὁ
316 2494 457 2572 βασιλεύς
476 2494 529 2555 ἀνοὶ
548 2498 605 2555 πᾶν
626 2495 695 2557 ἔτος·
720 2494 754 2554 τό
774 2494 885 2555 πολλῶν
905 2494 929 2554 δ’

125 2582 246 2664 ἡγέαται
268 2581 385 2664 ἰσχυρῶν
405 2583 483 2644 εἶναι.
517 2582 681 2643 παιδεύουσι
697 2582 728 2643 δὲ
746 2576 811 2648 τούς
829 2582 930 2646 παῖδας

127 2670 185 2731 ἀπδ
206 2672 369 2735 πενταέτεος
389 2670 539 2749 ἀρξάμενοι
558 2671 643 2750 μέχρι
666 2672 846 2741 εἰκοσαέτεος,
866 2670 931 2747 τρία

126 2762 229 2835 μοῦνα,
242 2759 366 2820 ἱππεύειν
379 2760 426 2817 καὶ
442 2757 565 2828 τοξεύειν
573 2760 625 2829 καὶ
636 2758 831 2834 ἀληθίζεσθαι.
863 2758 930 2834 πρὶν

128 2846 160 2905 δὲ
179 2845 199 2923 ἢ
218 2847 368 2923 πενταέτης
386 2846 509 2928 γένηται,
522 2845 572 2905 ούκ
593 2844 750 2906 ἀπικνέεται
766 2850 794 2907 ές
810 2844 875 2922 ὄψιν
892 2848 931 2922 τῷ

128 2936 217 3013 πατρὶ
236 2934 314 2995 ἀλλά
333 2934 411 3013 παρά
430 2938 499 3012 τῇσι
517 2934 626 3015 γυναιξὶ
644 2933 751 2992 δίαιταν
765 2933 831 3010 ἔχει·
851 2931 931 2991 τοῦδε

130 3022 222 3083 εἵνεκα
233 3025 317 3083 τοῦτο
331 3022 401 3083 οὕτω
413 3022 546 3092 ποιέεται,
556 3020 601 3080 ἶνα
613 3019 648 3095 ἣν
656 3017 784 3097 ἀποθάνῃ
795 3016 932 3094 τρεφόμε-

130 3134 178 3174 νος
189 3110 328 3187 μηδεμίαν
341 3108 414 3186 ἀοην
426 3112 465 3187 τῷ
478 3108 565 3186 πατρὶ
576 3103 744 3183 προσβάλη.

173 3199 262 3259 Αἶνέω
274 3197 326 3274 μέν
339 3222 387 3257 νυν
398 3195 479 3257 τόνδε
490 3194 541 3255 τῶν
553 3191 647 3270 νόμον·
661 3192 741 3252 αἶνέω
754 3191 785 3250 δὲ
798 3190 844 3249 καὶ
853 3188 913 3250 τύν-
922 3188 979 3249 137

132 3284 172 3359 δε,
185 3286 219 3349 τῶ
231 3285 272 3363 μὴ
284 3288 352 3363 μιῆς
364 3284 453 3360 αἰτίης
466 3282 557 3344 εἵνεκα
569 3280 640 3357 μήτε
652 3276 736 3338 αύτδν
744 3278 794 3339 τῶν
806 3278 933 3354 βασιλέα

996 3373 1065 3475 Δ
