2150 3500
103 128 214 192 22-25]
452 132 588 186 αιιαιι.
855 138 903 189 αιι

102 205 169 283 ζόης
182 208 228 267 καὶ
241 207 347 285 διαίτης
358 209 431 287 πέρι,
446 210 508 270 ἔτεα
519 214 572 287 μὲν
585 217 614 277 ἐς
626 212 729 275 ἐείκοσι
745 213 792 274 καὶ
808 213 906 277 ἐκατδν

101 295 168 359 τοῦς
187 296 313 359 πολλοῦς
336 296 425 357 αὐτῶν
448 296 638 370 ἀπικνέεσθαι,
658 299 852 378 ὑπερβάλλειν
871 302 904 364 δέ

100 408 179 447 τινας
199 383 245 443 καὶ
265 387 362 445 ταῦτα·
393 385 507 461 σίτησιν
528 386 558 445 δέ
578 386 647 447 εἶναι
667 388 734 465 κρέα
754 388 837 464 ἑφθά,
858 391 905 453 καὶ

100 470 182 547 πόμα
193 471 279 554 γάλα·
301 473 398 549 θῶυμα
414 473 444 532 δέ
460 474 629 551 ποιευμένων
646 479 702 535 τῶν
719 475 903 539 κατασκόπων

98 559 167 635 περὶ
183 563 238 619 τῶν
255 558 343 631 ἐτέων,
358 560 405 619 ἐπὶ
421 559 524 638 κρήνην
542 569 599 638 σφι
613 561 789 643 ἡγήσασθαι·
810 562 858 624 ἀπ’
869 562 904 642 ἧς

98 644 251 723 λουόμενοι
268 647 455 725 λιπαρώτεροι
469 649 601 731 ἐγίνοντο,
621 649 743 729 κατάπερ
753 656 789 711 ἐἰ
807 654 903 715 ἐλαίου

99 734 155 809 εἴη·
181 732 255 805 ὄζειν
275 734 305 793 δὲ
324 734 372 795 ἀπ’
393 735 478 813 αὐτῆς
498 736 565 797 ὦσεὶ
585 737 642 798 ἴων.
684 738 800 802 ἀσθενὲς
820 739 850 799 δὲ
867 740 902 802 τό

98 819 173 899 ὕδωρ
186 827 237 899 τῆς
253 822 353 900 κρήνης
368 822 470 900 ταύτης
489 823 560 885 οὕτω
579 825 614 901 δή
633 851 662 886 τι
680 827 780 907 ἔλεγον
792 826 862 887 εἶναι
874 832 902 889 οἶ
939 868 942 874 -

99 908 286 982 κατάσκοποι,
308 910 380 971 ὥστε
403 912 502 988 μηδὲν·
516 912 576 974 οἶόν
600 913 727 974 τε-εἶναι
747 914 790 974 ἐπ’
817 914 902 976 αὐτοῦ

99 998 252 1069 ἐπιπλέειν,
278 998 350 1075 μήτε
377 998 462 1069 ξόλον
487 1000 559 1077 μήτε
577 1005 632 1061 τῶν
652 1000 709 1062 ὅσα
732 1002 818 1072 ξόλου
839 1005 901 1063 ἐστὶ

98 1084 287 1163 ἐλαφρότερα,Ι
303 1086 382 1147 ἀλλὰ
401 1086 493 1147 πάντα
513 1089 592 1164 σφέα
610 1090 724 1167 χωρέειν
736 1096 764 1153 ἐς
775 1091 900 1166 βυσσόν·

98 1172 146 1254 (τό
160 1173 190 1233 δὲ
202 1172 272 1251 ὕδωρ
285 1178 370 1235 τοῦτο
384 1176 409 1234 εἶ
421 1175 479 1251 σφί
491 1180 553 1235 ἐστι
566 1174 691 1252 άληθέως
706 1177 766 1237 οἶόν
777 1204 806 1237 τι
820 1180 899 1259 λέγε-

96 1286 155 1331 ται,
169 1260 214 1320 διδ
228 1265 313 1321 τοῦτο
333 1260 368 1322 ἂν
388 1261 450 1331 εἶεν,
463 1262 551 1343 τούτῳ
570 1262 607 1322 τοὶ
626 1263 719 1324 πάντα
737 1265 898 1342 χρεόμενοι,

95 1347 275 1430 μακρόβιον)
297 1346 353 1409 οἷπδ
379 1353 430 1425 τῆς
451 1350 553 1428 κρήνης
575 1351 605 1410 δὲ
625 1350 898 1429 ἀπαλλασσομένων,

96 1435 215 1517 ἀγαγεῖν
235 1436 327 1513 σφέας
347 1442 374 1500 ἐς
394 1437 583 1516 δεσμωτήριον
604 1438 717 1516 ἀνδρῶν,
744 1440 809 1499 ἔνθα
834 1441 900 1505 τοδς

95 1522 205 1587 πάντας
226 1529 255 1584 ἐν
276 1525 380 1605 πέδῃσι
402 1518 542 1604 χρυσέῃσι
564 1526 702 1587 δεδέσθαι·
731 1528 792 1587 ἐστι
815 1527 845 1587 δέ
868 1534 898 1590 ἐν

95 1610 225 1672 τούτοισι
240 1615 316 1672 τοῖσι
329 1613 444 1691 Αἰθίοψι
461 1614 571 1674 πάντων
584 1614 601 1675 ό
615 1614 723 1693 χαλκός
741 1614 897 1675 σπανιιίτα-

95 1704 148 1761 τον
166 1700 212 1760 καὶ
231 1699 406 1778 τιμιώτατον·
429 1701 599 1780 θεησάμενοι
619 1703 650 1762 δὲ
670 1704 716 1762 καὶ
737 1701 770 1765 τό
792 1703 897 1781 δεσμω-

94 1786 201 1865 τήριον,
229 1787 381 1865 ἐθεήσαντο
403 1791 449 1850 καὶ
473 1791 526 1867 τήν
551 1795 602 1852 τοῦ
621 1791 723 1853 Ἡλίου
744 1794 899 1874 λεγομένην

94 1874 246 1952 τράπεζαν.
287 1876 370 1938 Μετὰ
387 1876 418 1937 δὲ
437 1877 549 1954 ταύτην,
570 1878 729 1943 τελευταίας
745 1879 897 1956 ἐθεήσαντο
906 1883 945 1941 24

94 1962 148 2026 τὰς
160 1963 248 2040 θήκας
262 1963 360 2034 αὐτῶν,
374 1964 404 2023 αἲ
416 1965 551 2046 Υλέγονται
568 1967 754 2037 σκευάζεσθαι
771 1968 803 2036 ἐξ
813 1968 898 2028 ὑέλου

94 2051 190 2134 τρόπῳ
207 2052 312 2131 τοιῷδε·
334 2051 418 2113 ἐπεάν
435 2053 485 2112 τδν
502 2051 600 2129 νεκρόν
619 2053 782 2131 ἶσχνήνωσι,
796 2055 851 2113 εἴτε
862 2054 897 2130 δή

95 2136 221 2214 κατάπερ
248 2137 399 2218 Αἰγύπτιοι
424 2140 479 2197 εἴτε
508 2137 604 2202 άλλως
631 2165 692 2209 κως,
716 2138 898 2220 γυψώσαντες
936 2188 940 2194 -

95 2223 207 2286 ἅπαντα
233 2224 318 2286 αὐτόν
340 2231 439 2306 γραφῇ
466 2227 630 2303 κοσμέουσι,
655 2227 840 2304 ἐξομοιεῦντες
861 2227 897 2288 w*

96 2312 169 2375 εἶδος
182 2319 209 2375 ἐς
221 2311 254 2372 τδ
268 2313 393 2375 δυνατόν·
414 2316 508 2375 ἔπειτα
521 2315 553 2374 δέ
565 2318 592 2374 οἶ
604 2318 768 2391 περιϊστᾶσι
786 2315 897 2391 στήλην

96 2400 130 2470 ἐξ
147 2399 231 2460 ὑέλου
244 2402 432 2478 πεποιημένην
448 2402 556 2478 κοίλην·
582 2402 602 2478 ἦ
619 2403 651 2462 δέ
668 2409 725 2480 σφι
739 2402 836 2479 πολλή
850 2404 897 2462 καὶ

96 2487 208 2570 εὐεργὸς
232 2487 392 2566 ὀρύσσεται·
424 2494 454 2549 ἐν
479 2491 555 2569 μέση
582 2491 613 2550 δὲ
634 2494 671 2571 τῇ
698 2490 792 2570 στήλη
817 2489 898 2552 ε’νειδν

96 2575 273 2652 διαφαίνεται
294 2576 311 2637 ό
334 2578 420 2648 νέκυς,
445 2575 508 2636 οὕτε
529 2577 620 2655 ὀδμήν
646 2577 777 2656 οὐδεμίαν
796 2577 897 2658 άχαριν

95 2662 287 2742 παρεχόμενος
300 2662 365 2724 οὔτε
377 2663 452 2724 ἄλλο
469 2663 558 2729 ἀεικὲς
573 2665 659 2736 οὐδὲν,
674 2667 720 2724 καὶ
735 2667 793 2745 ἔχει
805 2667 897 2726 πάντα

96 2751 205 2829 φανερά
225 2751 325 2828 ὁμοίως
345 2752 418 2832 αὐτῷ
442 2750 491 2834 [τῷ
512 2752 607 2834 νέκυῖ.]
648 2753 771 2821 ἐνιαυτόν
790 2755 842 2829 μὲν
862 2751 897 2827 δή

96 2839 196 2919 ἔχουσι
220 2840 273 2916 τήν
299 2839 411 2915 στήλην
434 2845 464 2900 ἐν
486 2843 563 2900 τοῖσι
587 2841 700 2899 οἰκίοισι
721 2843 748 2898 οἱ
769 2839 898 2916 μάλιστα

96 2926 296 3004 προσήκοντες,
314 2926 424 2988 πάντων
443 2952 475 2987 τε
492 2925 684 3005 ἀπαρχόμενοι
697 2927 743 2984 καὶ
759 2927 858 2989 θυσίας
870 2929 898 2985 οἱ

96 3014 298 3096 προσάγοντες·
327 3014 399 3091 μεταὶ
419 3014 450 3074 δέ
475 3019 564 3074 ταῦτα
584 3014 780 3091 ἐκκομίσαντες
800 3016 900 3073 ἱστιῖσι

96 3102 161 3180 περὶ
178 3102 230 3178 τήν
243 3102 338 3162 πόλιν.
1002 3161 1011 3168 .

139 3186 316 3265 Θεησιίμενοι
336 3187 366 3247 δέ
385 3187 422 3246 τὰ
440 3187 531 3249 πάντα
551 3190 579 3250 οἶ
602 3188 785 3258 κατάσκοποι,
809 3186 946 3247 &mk-25

97 3274 247 3337 λάσσοντο
265 3273 366 3335 ὀπίσω·
386 3273 617 3354 ἀπαγγειλάντων
633 3277 664 3336 δὲ
680 3279 769 3337 ταῦτα
784 3272 899 3344 τούτων,
