2150 3500
108 148 252 215 τος-τοι]
455 153 568 206 mm.
864 155 934 210 ιον,

108 229 190 290 οὐδὲν
203 229 238 291 ἀν
246 231 294 314 ,εἴη
305 236 425 314 πρῆγμα
436 232 549 314 γνιόμας
566 234 618 312 ἐμέ
629 258 678 296 σοι
691 232 912 313 ἀποφαίνεσθαι·

108 319 135 377 εἰ
155 317 185 377 δὲ
201 318 321 400 ἔγνωκας
336 320 380 380 ότι
396 319 541 400 ἅνθρωπος
560 323 607 382 καὶ
627 321 665 382 σύ
686 321 725 387 εἶς
746 323 793 382 καὶ
815 324 914 401 ἑτέρων

107 406 222 466 τοιῶνδε
237 405 341 487 ἄρχεις,
356 401 444 468 ε’κεῖνο
455 414 567 486 πρῶτον
579 408 661 486 μόθε,
683 409 719 474 ὥς
738 410 840 475 κύκλος
852 415 909 471 τῶν

108 491 290 570 ἀνθρωπηίων
303 495 365 555 ἐστὶ
377 496 558 577 πρηγμάτων,
578 497 798 576 περιφερόμενος
816 498 847 558 δὲ
862 497 913 560 ούκ

108 584 144 660 ἐᾷ
156 582 210 641 αἰεὶ
227 581 293 646 τούς
305 581 406 648 αύτούς
418 583 563 664 εὐτυχέειν.
605 585 660 662 ήδη
680 584 718 646 ὦν
734 585 788 668 έγοδ
800 585 913 668 γνώμην

108 669 166 748 ἔχω
187 670 252 749 περὶ
271 675 323 731 τοῦ
344 673 529 750 προκειμένου
549 671 713 754 πρήγματος
733 673 770 734 τά
791 675 912 752 ἔμπαλιν

107 754 129 833 ἦ
150 754 236 818 οὗτοι·
257 761 282 819 εἶ
300 758 355 840 γὰρ
376 760 551 837 ἐθελήσομεν
563 760 734 831 ἐσδέξασθαι
751 760 817 825 τούς
828 767 913 822 πολε-

106 845 192 923 μύους
213 850 241 910 ές
260 845 313 923 τήν
331 846 434 927 χόρην,
453 847 500 908 ὅδε
519 873 564 908 τοι
584 853 614 909 έν
629 848 703 930 αύτῷ
722 849 845 915 κίνδυνος
864 850 913 910 ἔνι·

109 927 247 990 ἑσσωθεὶς
271 929 323 1004 μ’ἒν
349 928 580 1006 προσαπολλύεις
605 934 704 991 πᾶσαν
727 930 779 1006 τήν
813 929 913 1010 ἀρχήν·

109 1013 187 1089 δῆλα
198 1014 253 1096 γάρ
273 1015 307 1090 δή
320 1015 364 1076 ὅτι
383 1021 509 1081 νικῶντες
521 1017 715 1099 Μασσαγέται
728 1016 761 1078 ού
776 1017 809 1079 τό
822 1018 915 1079 ὀπίσω

110 1102 262 1178 φεύξονται
277 1103 343 1163 ἀλλ’
357 1103 399 1164 ἐπ’
412 1103 501 1185 ἀρχάς
518 1105 571 1169 τάς
590 1106 645 1169 σάς
665 1109 763 1166 ἐλῶσι·
783 1109 864 1168 νικῶν
884 1106 916 1167 δὲ

110 1189 147 1250 ού
165 1190 243 1270 νικᾷς
263 1195 408 1263 τοσοῦτον,
430 1191 501 1254 ὅσον
523 1197 548 1253 εί
568 1193 670 1271 διαβάς
691 1198 719 1257 ές
738 1193 792 1269 τήν
808 1195 916 1255 ἐκείνων

110 1276 194 1333 νικῶν
205 1274 401 1354 Μασσαγέτας
414 1274 493 1334 έποιο
506 1273 656 1356 φεύγουσι·
674 1279 758 1335 τοῦτο
772 1274 828 1356 γὰρ
841 1275 914 1335 ἀντι·

110 1359 193 1436 θήσω
207 1362 306 1441 ἐκείνῳ,
320 1361 365 1422 ὅτι
376 1361 493 1438 νικήσας
504 1362 571 1436 τούς
581 1361 775 1440 ἀντιουμένους
790 1366 858 1442 ε’λᾷς
871 1361 915 1423 ἰθύ

109 1451 163 1522 τῆς
175 1446 264 1528 ἀρχῆς
278 1453 330 1525 τῆς
341 1449 488 1528 Τομύριος·
507 1449 593 1530 χωρίς
611 1475 644 1511 τε
661 1453 711 1511 τοῦ
725 1449 915 1532 ἀπηγημένου,

110 1536 235 1616 αι’σχρδν
250 1538 297 1597 καὶ
318 1537 368 1598 οὐκ
387 1536 545 1618 ἀνασχετόν
558 1537 655 1617 Κῦρόν
676 1564 711 1620 γε
730 1537 781 1600 τόν
794 1537 916 1616 Καμβύ-

110 1648 171 1684 σεω
182 1626 292 1706 γυναικὶ
309 1625 419 1695 εἴξαντα
434 1625 620 1706 ύτοχυρῆσαι
631 1630 683 1703 τῆς
694 1625 792 1706 χόρης.
815 1630 865 1687 νῦν
877 1625 916 1689 ὧν

58 1720 62 1726 ’
109 1736 162 1792 μοι
182 1713 278 1785 δοκέει,
300 1712 455 1794 διαβάνταςΙ
470 1716 621 1793 προελθεῖν
636 1712 706 1777 ὅσον
719 1713 753 1777 ἂν
767 1715 864 1777 ἐκείνοι
876 1714 915 1776 δι-

111 1801 215 1877 εξίωσι,
229 1803 353 1864 ε’νθεῦτεν
366 1802 396 1862 δὲ
408 1803 475 1863 τάδε
488 1809 634 1868 ποιεῦντας
643 1805 795 1883 πειρᾶσθαι
808 1805 916 1866 ἐκείνων

111 1891 318 1972 περιγενέσθαι·
340 1890 376 1954 ιύς
388 1890 443 1972 γάρ
457 1891 511 1973 ἐγῶ
526 1891 710 1972 πυνθάνομαι,
724 1892 917 1974 Μασσαγέται

112 1980 170 2039 εἶσὶ
183 1977 297 2059 ἀγαθῶν
312 2003 344 2039 τε
359 1984 508 2057 Περσικῶν
526 1978 637 2058 ἀπειροι
653 1982 701 2040 καὶ
716 1984 810 2041 καλῶν
829 1980 916 2062 μεγαί-

111 2070 171 2127 λων
182 2066 311 2130 ἀπαθέες·
323 2066 451 2128 τούτοισι
463 2066 500 2128 ὧν
511 2072 590 2129 τοῖσι
602 2067 726 2145 ἀνδρόσι,
737 2071 794 2127 τόν
805 2066 915 2146 προβό-

111 2181 168 2216 των
176 2154 310 2231 ἀφειδέως
318 2155 418 2216 πολλὰ
430 2155 641 2235 κατακόψαντας
654 2156 701 2215 καὶ
714 2153 914 2225 σκευάσαντας,

111 2244 259 2321 προθεῖναι
269 2249 300 2305 έν
311 2248 350 2324 τῷ
362 2244 543 2323 στρατοπέδω
556 2247 595 2324 τῷ
607 2242 731 2321 ἡμετέρῳ
741 2242 832 2303 δαῖτα·
846 2242 916 2321 πρός

112 2331 152 2404 δὲ,
173 2332 221 2392 καὶ
234 2337 373 2411 κρητῆρας
392 2331 527 2410 ἀφειδέως
548 2331 624 2391 οἴνου
640 2329 762 2409 ἀκρήτου
778 2331 824 2391 καὶ
836 2331 916 2391 σιτία

113 2424 242 2481 παντοῖα·
262 2420 437 2496 ποιήσαντας
452 2420 483 2479 δὲ
502 2422 599 2491 ταῦτα,
615 2416 853 2495 ἀπολειπομένους
864 2422 916 2496 τῆς

112 2512 249 2586 στρατιῆς
263 2507 297 2570 τό
310 2507 508 2587 φλαυρότατον
524 2507 590 2572 τούς
602 2506 719 2572 λοιπούς
731 2505 808 2573 αύτις
821 2508 885 2579 ἐξαν
903 2515 926 2555 -’

110 2597 228 2677 χωρέειν
245 2597 292 2657 έπὶ
311 2595 362 2658 τόν
382 2594 519 2673 ποταμόν·
539 2593 575 2673 ἢν
597 2594 652 2677 γάρ
671 2595 725 2677 έγιδ
744 2595 855 2679 γνύμης
874 2594 916 2676 μή

112 2684 236 2763 ἀμόρτω,
258 2688 343 2746 κεῖνοι
357 2684 477 2762 ἰδόμενοι
490 2682 585 2766 ἀγαθαὶ
597 2685 695 2744 πολλὰ
714 2684 868 2765 τρέψονταί
884 2709 916 2745 τε

111 2773 184 2852 πράς
197 2772 277 2845 αύτά,
295 2772 342 2832 καὶ
362 2772 430 2851 ήμῖν
449 2771 484 2833 τό
504 2772 629 2834 ἐνθεῦτεν
645 2775 772 2833 λείπεται
787 2771 917 2843 ἀπόδεξις

112 2864 200 2943 ἔργων
212 2858 367 2942 μεγόλων.”

79 2948 84 2953 ’
153 2946 267 3020 Γνῶμαι
285 2943 338 3020 μὲν
350 2938 432 3005 οὗτοι
444 2940 631 3002 συνέστασαν.
668 2941 762 3016 Κῦρος
782 2938 812 2999 δὲ
831 2941 965 3016 μετ-208

113 3030 153 3094 εἶς
164 3030 217 3106 τήν
229 3030 368 3108 προτέρην
384 3027 497 3109 γνύμην
511 3027 564 3104 τήν
578 3027 706 3105 Κροίσου
726 3026 757 3085 δὲ
777 3025 917 3103 ἑλόμενος,

111 3117 284 3199 προηγόρευε
293 3116 400 3196 Τομύρι
413 3116 617 3197 ἐξαναχωρέειν,
632 3113 668 3179 ἀς
681 3112 767 3174 αύταῦ
779 3113 918 3191 διαβησο-

110 3208 199 3285 μένου
212 3205 256 3266 ε’π’
269 3207 381 3282 ε’κείνην.
423 3204 442 3283 ή
457 3207 510 3283 μὲν
525 3203 561 3279 δή
576 3201 754 3282 ε’ξαναχιόρεε,
775 3200 848 3263 κατά
866 3201 918 3263 ύπ-

111 3296 215 3377 έοχετο
224 3297 331 3373 πρύτα·
342 3298 436 3373 Κῦρος
446 3293 476 3354 δὲ
483 3295 612 3371 Κροῖσον
623 3295 650 3355 ές
659 3289 710 3355 τάς
719 3294 814 3371 χεῖρας
823 3290 916 3358 ἐσθεὶς
