2150 3500
176 105 225 154 ιιι
473 103 658 156 Ἢνοιοιου
935 100 990 168 [11.

175 185 305 262 βασιλέϊ.
344 182 510 262 ἀπέστησαν
528 185 559 244 δὲ
577 182 658 246 αὗται
675 183 809 262 τέσσερες
823 183 871 244 καὶ
890 183 990 244 εἴκοσι

147 306 153 318 ·
176 272 305 349 μυριάδες
323 274 480 354 Αἰγυπτίων
496 277 553 333 τῶν
570 273 700 351 μαχίμων
714 278 741 336 ἐς
758 271 823 336 τοίς
841 272 990 336 Αἰθίοπας
1055 271 1056 358 φ

175 360 297 430 τούτους,
308 360 342 421 δι’
355 363 446 437 αἰτίην
458 361 575 436 τοιήνδε·
590 361 636 421 ἐπὶ
644 361 824 440 Ψαμμιτίχου
837 361 988 435 βασιλέος

177 450 302 525 φυλακαὶ
323 450 500 509 κατέστασαν
517 449 546 509 ἐν
562 474 595 509 τε
611 447 800 527 Ἐλεφαντίνῃ
819 446 891 507 πόλι
907 447 986 525 πράς
1055 449 1056 486 ³

177 537 326 608 Αἰθιόπων,
340 538 386 596 καὶ
406 542 436 596 ἐν
449 536 586 615 Δάφνῃσι
605 539 674 613 τῇσι
687 536 874 614 Πηλουσίῃσι
888 534 986 616 [άλλη

177 624 219 705 δὲ]
245 625 316 703 πράς
338 625 479 703 Ἀραβίων
501 649 533 684 τε
557 624 603 682 καὶ
625 623 728 699 Σάρων,
753 624 800 682 καὶ
823 629 853 682 ἐν
879 625 986 703 Μαρέῃ

177 713 248 790 πρός
262 712 373 790 Λιβύης
389 712 475 788 άλλη.
517 713 557 771 ἐτι
577 712 607 771 δὲ
627 711 669 770 ἐπ’
691 715 756 787 ἐμεῦ
777 712 823 770 καὶ
844 712 986 789 Περσέων

180 800 251 860 κατά
262 800 350 860 ταύτά
364 803 394 859 αἱ
407 800 533 877 φυλακαὶ
547 799 653 878 ἔχουσι,
667 798 703 863 ως
716 799 762 858 καὶ
780 799 826 858 ἐπὶ
839 800 986 876 Ψαμμιτί·

176 913 231 966 χου
243 886 326 962 ἦσαν·
348 888 394 947 καὶ
411 887 467 967 γάρ
481 893 510 948 ἐν
526 886 715 965 Ἐλεφαντίνῃ
731 887 844 964 Πέρσαι
860 888 985 966 φρουρέ-
1056 893 1057 896 '

177 1000 250 1045 ουσι,
264 976 311 1034 καὶ
323 980 354 1035 ἐν
367 975 512 1055 Δάφνῃσι.
553 975 618 1038 τούς
632 974 669 1034 ὧν
682 975 717 1051 δὴ
731 976 903 1057 Αἰγυπτίους
915 978 985 1053 τρία
1056 965 1057 974 ¹

178 1063 240 1122 ἐτεα
256 1063 470 1142 φρουρίσαντας
491 1063 596 1123 ἀπέλυε
616 1063 704 1127 οὐδεὶς
723 1067 774 1139 τῆς
795 1068 933 1141 φρουρῆς·
956 1069 984 1124 οἶ

180 1151 210 1211 δὲ
243 1152 470 1230 βουλευσάμενοι
503 1152 550 1211 καὶ
584 1155 664 1230 κοινῷ
690 1151 767 1233 λόγῳ
793 1152 982 1232 χρησάμενοι,

177 1239 278 1304 πάντες
303 1240 360 1302 ἀπό
380 1245 430 1301 τοῦ
451 1241 631 1319 Ψαμμιτίχου
652 1239 825 1303 ἀποστάντες
844 1239 933 1316 ἤϊσαν
956 1246 983 1304 ἐς

179 1329 337 1406 Αἰθιοπίην·
365 1330 543 1408 Ψαμμίτιχος
556 1329 585 1387 δὲ
597 1327 752 1405 πυθόμενος
768 1328 870 1387 ἐδίωκε·
902 1327 939 1391 ως
952 1329 983 1388 δὲ
1057 1319 1058 1336 ³

178 1419 329 1494 κατέλαβε,
354 1418 445 1477 ἐδέετο
469 1415 568 1476 πολλὰ
591 1417 689 1496 λέγων,
713 1416 762 1474 καί
782 1421 876 1491 σφεας
901 1409 983 1480 θεοιίς

177 1506 320 1584 πατρῴους
333 1504 483 1565 ἀπολιπεῖν
496 1504 546 1563 οὐκ
560 1505 599 1574 ἐα,
614 1504 659 1562 καὶ
671 1504 762 1574 τέκνα,
776 1505 823 1562 καὶ
835 1507 981 1584 γυναῖκας·

177 1595 233 1652 των
246 1593 278 1652 δέ
288 1618 350 1652 τινα
364 1593 476 1672 λέγεται
489 1592 616 1661 δείξαντα
628 1590 661 1651 τό
676 1591 780 1651 αἰδοῖον
794 1594 881 1651 εἰπεῖν
893 1593 981 1652 “ἐνθα

179 1678 214 1740 ἂν
224 1685 308 1740 τοῦτο
324 1678 353 1759 ᾗ,
375 1681 491 1742 ἔσεσθαι
509 1678 621 1740 αὐτοῖσι
638 1681 755 1740 ἐνθαῦτα
771 1680 817 1739 καὶ
831 1680 916 1740 τέκνα
933 1682 981 1740 καὶ
1058 1737 1059 1757 χ

177 1769 333 1849 γυναῖκας.”
373 1768 451 1830 οὗτοι
470 1770 532 1829 ἐπεί
555 1795 587 1829 τε
613 1775 641 1833 ἐς
659 1770 809 1845 Αἰθιοπίην
834 1768 979 1841 ἀπίκοντο,
1058 1778 1059 1785 ’

178 1857 286 1918 διδοῦσι
305 1858 398 1934 σφέας
418 1856 517 1921 αὗτοιίς
535 1862 576 1936 τῷ
594 1856 735 1918 Αἰθιόπων
754 1859 886 1934 βασιλέϊ·
912 1858 981 1919 όδέ
1058 1878 1059 1891 ³

178 1947 359 2027 σφεαςτῷδε
381 1945 580 2023 ἀντιδωρέεται·
611 1944 687 2021 ἦσάν
708 1948 735 2005 οἰ
755 1945 889 2023 διάφοροί
907 1972 980 2011 τινες

176 2035 322 2117 γεγονότες
337 2040 391 2097 τῶν
403 2034 555 2096 Αἰθιόπων·
575 2034 688 2097 τούτους
704 2035 814 2094 ἐκέλευε
831 2034 979 2104 ἐξελόντας

177 2123 230 2200 τὴν
242 2125 350 2186 ἐκείνων
361 2128 415 2207 γῆν
428 2124 535 2185 οἰκέειν·
555 2121 660 2183 τούτων
674 2121 705 2181 δὲ
723 2122 938 2183 ἐσοικισθέντων
950 2128 978 2187 ἐς

177 2213 242 2277 τοίς
255 2216 399 2285 Αἰθίοπας,
415 2212 585 2290 ἡμερώτεροι
599 2210 735 2294 γεγόνασι
751 2210 892 2281 Αἰθίοπες,
907 2210 978 2288 ἤθεα

176 2301 313 2377 μαθόντες
326 2302 474 2383 Αἰγόπτια.

130 2391 166 2448 31
217 2391 312 2467 Μέχρι
327 2392 380 2466 μέν
398 2416 447 2450 νυν
461 2390 605 2467 τεσσέρων
622 2392 716 2466 μηνῶν
733 2387 825 2449 πλόου
844 2388 891 2447 καὶ
909 2387 977 2449 ὁδοῦ

175 2476 343 2556 γινώσκεται
358 2476 375 2537 ἀ
391 2481 503 2547 Νεῖλος,
516 2476 607 2553 πάρεξ
621 2481 672 2538 τοῦ
688 2482 718 2538 ἐν
731 2476 862 2558 Αἰγύπτῳ
876 2476 976 2554 ῥεύμα-

175 2588 232 2625 τος·
247 2562 390 2644 (τοσοῦτοι
399 2563 455 2645 γάρ
466 2566 696 2645 συμβαλλομένῳ
706 2570 791 2643 μῆνες
801 2565 977 2641 εὖρίσκοντοι

176 2649 403 2730 ἀναισιμούμενοι
420 2654 451 2724 ἐξ
465 2651 666 2731 Ἐλεφαντίνης
682 2654 858 2733 πορευομένῳ
872 2658 901 2717 ἐς
912 2653 977 2717 τούς

175 2736 357 2817 Αὖτομόλους
375 2740 512 2822 τούτους)
532 2743 589 2818 ῥέει
609 2742 639 2803 δὲ
658 2742 715 2803 α’πά
737 2743 856 2820 ἑσπέρης
877 2766 909 2801 τε
930 2742 975 2801 καὶ

177 2826 260 2903 η’λίου
273 2828 410 2907 δυσμέων.
436 2829 470 2890 τό
484 2830 514 2889 δὲ
527 2829 584 2889 ἀπδ
594 2830 683 2900 τοῦδε,
695 2828 784 2893 οὐδεὶς
794 2831 851 2908 ἔχει
861 2831 975 2905 σαφέως

176 2914 295 2992 φράσαι·
309 2921 410 2994 ἐρῆμος
418 2916 474 2997 γάρ
485 2916 576 2990 ἐστιὴ
588 2915 666 2994 χάρη
676 2915 746 2992 αὕτη
758 2916 813 2976 ἀπὸ
825 2916 974 2992 καύματος.

128 3005 166 3062 32
174 3002 268 3062 Ἀλλά
280 3005 346 3063 τάδε
358 3007 410 3081 μὲν
421 3003 531 3079 ἤκουσα
544 3003 649 3080 ἀνδρῶν
659 3004 830 3079 Κυρηναίων,
840 3004 971 3078 φαμένων

175 3092 269 3151 ἐλθεῖν
278 3118 309 3152 τε
319 3092 364 3151 ἐπὶ
376 3091 409 3152 τδ
417 3091 567 3166 Ἀμμωνος
579 3089 752 3166 χρηστήριον
759 3090 806 3148 καί
819 3088 972 3149 ἀπικέσθαι

176 3181 204 3239 ἐς
216 3178 319 3259 λόγους
330 3178 471 3256 Ἐτεάρχῳ
483 3180 522 3255 τῷ
533 3174 696 3251 Ἀμμωνίων
708 3176 838 3252 βασιλέϊ·
860 3177 911 3235 καί
922 3202 974 3239 κως

175 3267 207 3322 ἐκ
232 3265 325 3345 λόγων
347 3264 444 3324 ἄλλων
466 3262 618 3324 ἀπικέσθαι
640 3268 669 3326 ἐς
694 3264 804 3342 λέσχην
830 3264 896 3339 περὶ
921 3264 973 3324 τοΰ
