2150 3500
637 5 646 24 .

172 88 222 140 144
469 81 655 134 ἀυοιοτου
927 81 981 148 [11

170 163 322 240 μελαινέων
336 167 392 226 τῶν
404 165 571 243 μαχομένων
586 162 656 240 πρός
674 161 739 227 τοῖς
756 161 823 238 ὄφις
838 162 893 238 ἥδε
910 165 981 241 ἰδέη·
1047 233 1048 244 ¹

169 255 225 313 τῶν
237 251 261 310 δ’
274 257 303 312 ἒν
316 252 386 312 ποσὶ
401 255 516 328 μᾶλλον
529 251 695 327 εἶλευμένων
707 253 783 310 τοῖσι
798 249 982 329 ἀνθρώποισι

171 337 254 416 (διξαὶ
270 339 325 420 γιῖρ
339 339 373 415 δή
390 343 446 399 εἰσι
464 340 493 398 αἱ
509 338 594 416 ἴβιες)
608 337 667 414 ἥδε·
688 337 759 415 ψιλὴ
771 336 825 414 τὴν
845 340 981 416 κεφαλὴν

170 427 217 485 καὶ
228 426 280 502 την
290 427 383 505 δειρὴν
393 430 499 488 πᾶσαν·
513 425 599 501 λευκὴ
609 428 748 504 πτεροῖσι,
756 425 836 503 πλὴν
846 431 981 504 κεφαλῆς

171 513 218 573 καὶ
230 513 346 595 αὐχένος
358 514 405 574 καὶ
417 513 507 592 ἄκρων
516 517 572 575 τῶν
581 511 725 595 πτερύγων
736 515 782 572 καὶ
792 516 844 574 τοῦ
853 516 980 596 πυγαίου

171 600 266 680 ἄκρου·
278 608 367 664 ταῦτα
378 602 410 663 δὲ
422 601 459 662 τό
469 601 547 661 εἷπον
556 599 648 663 πάντα
660 600 782 679 μέλαινό
795 605 860 662 ἔστι
873 602 979 668 δεινῶς·

169 691 277 749 σκέλεα
291 689 322 750 δὲ
339 691 386 750 καὶ
403 688 557 767 πρόσωπον
573 688 698 767 ἐμφερής
711 693 748 767 τῇ
765 690 855 768 ἑτέρῃ·
876 693 931 750 τοῦ
949 691 979 752 δὲ
1048 767 1049 774 ¹

170 775 253 853 ὄφιος
264 776 285 852 ἦ
296 777 396 855 μορφὴ
409 778 454 853 οἵη
467 803 520 855 περ
532 781 589 837 τῶν
600 776 697 854 ὕδρων·
716 777 806 838 πτίλα
819 776 851 837 δὲ
864 775 900 837 οὗ
913 804 979 839 πτε-
1048 809 1049 818 ·

171 864 247 942 pomi
270 866 375 942 φορέει,
397 862 476 925 ἀλλὰ
495 868 573 925 τοῖσι
592 868 644 939 τῆς
664 864 820 942 νυκτεριδος
843 869 978 943 πτεροῖσι
1048 861 1049 872 ’

170 950 299 1028 μόλιστό
314 978 350 1028 κη
363 952 571 1030 ἐμφερέστατα·
590 955 716 1014 τοσαῦτα
728 953 780 1029 μὲν
793 953 899 1030 θηρίων
912 955 978 1032 πέρι

172 1040 238 1116 ῖροῖν
251 1039 380 1117 εἰρήσθω.

125 1126 162 1188 77
212 1125 310 1188 Αὖτῶν
328 1128 358 1188 δὲ
376 1126 410 1204 δὴ
425 1127 584 1208 Αἰγυπτίων
601 1126 628 1187 οἳ
644 1128 696 1205 μὲν
711 1126 776 1204 περὶ
790 1126 843 1204 τήν
859 1152 976 1206 σπειρο-

150 1263 153 1270 .
170 1215 257 1292 μένην
269 1216 411 1298 Αἴγυπτον
425 1216 554 1286 οἰκέουσι,
568 1213 682 1293 μνήμην
696 1213 847 1291 ἀνθρώπων
863 1215 977 1278 πόντων

172 1300 354 1367 ἐπασκέοντες
373 1303 509 1381 μάλιστα,
529 1301 701 1384 λογιότατοί
723 1305 779 1362 εἶσι
800 1307 901 1383 μακρῷ
919 1308 976 1366 τιῖν

171 1383 226 1472 ε’γοῖ
244 1397 272 1456 ἐς
291 1391 435 1471 διάπειραν
451 1390 603 1469 ἀπικόμην.
636 1389 731 1469 τρόπῳ
747 1389 777 1450 δὲ
794 1389 861 1467 ζόης
877 1392 979 1472 τοιῷδε

171 1478 360 1557 διαχρέωνται·
376 1479 564 1557 συρμαΐζουσι
573 1481 647 1555 τρεῖς
659 1477 763 1555 ἡμέρας
774 1477 875 1553 ε’πεξῆς
886 1479 976 1555 μηνός

151 1619 154 1624 .
172 1565 291 1627 έκόστου
312 1566 436 1642 ε’μέτοισι
453 1565 609 1643 θηρόμενοι
627 1564 679 1641 τήν
695 1563 801 1645 όγιείην
819 1565 866 1625 καὶ
885 1566 975 1627 κλόσ-

169 1678 252 1730 μασι,
265 1653 422 1729 νομίζοντες
438 1651 496 1713 όπό
511 1656 569 1713 τῶν
585 1651 744 1730 τρεφόντων
761 1651 859 1712 σιτίων
878 1653 975 1718 πόσας

169 1740 220 1805 τός
239 1739 357 1806 νοόσους
376 1744 454 1803 τοῖσι
473 1739 648 1820 οἷνθριόποισι
666 1741 805 1823 γίνεσθαι.
844 1742 901 1801 εἶσὶ
921 1745 974 1820 μὲν

169 1829 226 1911 γὰρ
239 1829 285 1888 καὶ
298 1828 392 1894 ἄλλως
406 1828 555 1911 Αἰγύπτιοι
568 1829 639 1908 μετὰ
652 1830 762 1906 Λίβυας
774 1824 974 1910 ὑγιηρέστατοι

169 1916 280 1978 πάντων
292 1916 451 1995 ἀνθρώπων,
464 1922 520 1979 τῶν
536 1917 627 1996 αἱρέων
639 1916 757 1996 (δοκέειν
772 1918 846 1998 ἐμοὶ)
861 1919 972 1991 εἵνεκεν,
1050 1938 1051 1947 ’

169 2004 215 2067 ὅτι
226 2004 259 2066 οὗ
270 2005 509 2082 μεταλλάσσουσι
521 2008 551 2065 αἱ
564 2002 641 2083 ὧραι·
658 2009 688 2065 έν
700 2003 756 2086 γὰρ
766 2009 835 2083 τῇσι
847 2007 972 2084 μεταβο·

170 2096 242 2175 λῇσι
254 2098 331 2156 τοῖσι
346 2092 519 2172 οἷνθριόποισι
534 2096 564 2152 οἱ
580 2096 677 2154 νοῦσοι
694 2092 824 2169 μάλιστα
836 2094 971 2175 γίνονται,

169 2186 225 2243 τῶν
235 2208 267 2243 τε
279 2181 374 2243 όλλων
383 2182 493 2244 πόντων
503 2182 549 2242 καὶ
563 2179 597 2258 δὴ
608 2181 654 2240 καὶ
666 2184 722 2241 τῶν
732 2180 822 2257 ὦρέων
831 2181 970 2258 μάλιστα.

169 2268 380 2352 ἀρτοφαγέουσι
398 2271 428 2330 δὲ
446 2276 476 2330 ἐκ
493 2274 549 2331 τοῖν
567 2268 687 2346 ὀλυρέων
705 2272 847 2333 ποιεῦντες
862 2268 969 2346 ἄρτους,

168 2358 234 2422 τοῖς
251 2362 350 2418 ἐκεῖνοι
368 2358 522 2432 κυλλήστις
539 2355 718 2432 ὀνομάζουσι.
751 2355 816 2436 οἴνῳ
830 2355 853 2415 δ’
867 2361 898 2416 ἐκ
913 2383 968 2434 κρι-

169 2445 239 2505 θέων
251 2445 427 2524 πεποιημένιρ
439 2444 629 2522 διαχρέωνται·
645 2442 678 2504 οὗ
691 2441 746 2525 γόρ
756 2444 816 2520 σφί
827 2447 882 2503 εἰσι
896 2449 969 2525 ε’ντῇ

168 2531 246 2611 χώρῃ
272 2529 404 2606 όμπελδι.
447 2531 549 2610 ἰχθύων
576 2530 606 2590 δὲ
632 2530 696 2595 τούς
718 2533 770 2609 μὲν
793 2530 865 2609 πρός
888 2530 968 2608 ἥλιον

169 2617 317 2697 αόῄναντες
331 2616 422 2696 ὥμοιῖς
435 2618 584 2689 σιτέονται,
594 2616 659 2683 τοῖς
673 2618 702 2678 δὲ
716 2618 747 2689 ἐξ
758 2618 852 2697 ἅλμης
863 2645 968 2697 τεταρι-

167 2706 327 2786 χευμένους.
357 2704 474 2783 ὀρνίθων
487 2706 517 2765 δὲ
529 2705 595 2770 τούς
606 2732 638 2767 τε
651 2705 770 2788 ὄρτυγας
781 2708 827 2766 καὶ
839 2706 890 2772 τοὶς
903 2708 966 2785 ιη’σ·

169 2820 225 2860 σας
236 2795 283 2855 καὶ
294 2793 331 2854 τό
344 2793 452 2872 σμικριῖ
464 2792 520 2855 τῶν
533 2792 660 2871 όρνιθίιιν
670 2793 733 2871 ιόμᾶ
743 2795 891 2866 σιτέονται,
902 2821 966 2873 προ-

167 2882 392 2962 ταριχεύσαντες·
412 2883 449 2943 τᾶ
464 2883 493 2943 δὲ
509 2881 587 2941 ἄλλα
603 2881 659 2941 ὅσα
672 2879 691 2957 ἢ
707 2880 854 2959 όρνίθωνῆ
869 2882 967 2961 ἰχθύων

168 2972 233 3029 ε’στί
249 2977 306 3047 σφι
327 2968 454 3049 ἐχόμενα,
470 2971 554 3049 χωρὶς
569 2967 588 3043 ἦ
605 2966 704 3027 ὁκόσοι
724 2975 781 3044 σφι
801 2969 856 3046 ἱροὶ
870 2969 966 3029 ἀποδε-

167 3056 289 3135 δέχαται,
303 3057 368 3121 τοῦς
383 3058 500 3119 λοιποδς
516 3054 621 3117 όπτοδς
637 3054 683 3113 καὶ
697 3055 801 3131 ἑφθοδς
817 3058 965 3117 σιτέονται.

122 3139 160 3201 78
166 3140 216 3203 Ἑν
225 3144 256 3202 δὲ
267 3148 336 3221 τῇσι
348 3144 524 3221 συνουσίῃσι,
534 3144 612 3201 τοῖσι
625 3139 772 3218 εὐδαίμοσι
785 3141 875 3203 αὐτῶν
885 3143 966 3205 ε’πεοῖν

166 3226 223 3287 όπό
236 3230 348 3290 δείπνου
357 3229 488 3308 γένωνται
501 3227 645 3303 περιφέρει
659 3225 730 3304 όνῆρ
741 3228 839 3305 νεκρόν
849 3234 879 3288 έν
891 3235 966 3309 σορῷ
