2150 3500
111 111 253 176 ιιι-ιιι]
408 111 636 160 mmmmm
865 111 914 172 ιιιι

49 262 53 270 ¹
109 193 187 252 ἔνθεν
200 192 337 268 κείροντες
347 195 377 251 ε’ν
387 191 463 270 χροΐ·
485 195 513 254 ἐς
525 191 556 249 δὲ
568 189 618 250 τόν
630 190 758 267 πόλεμον
771 192 912 267 στρουθῶν

109 279 266 360 καταγαίων
276 278 358 355 δοράς
368 280 506 354 φορέουσι
513 276 717 355 προβλήματα.
735 278 779 337 διιῖ
788 278 817 337 δὲ
825 277 916 339 αὐτῶν

109 369 204 445 Κίνυφ
218 365 344 443 ποταμός
357 367 426 442 ῥέων
440 371 470 426 ε’κ
483 365 579 442 λόφου
592 367 763 443 καλευμένου
777 366 913 443 Χαρίτων,

108 459 137 518 ἐς
157 455 310 514 θάλασσαν
331 454 441 514 ἐκδιδοῖ·
462 453 524 514 ὁδέ
541 453 633 530 λόφος
652 451 732 517 οὗτος
751 452 767 513 ό
785 455 915 530 Χαρίτων

108 541 196 605 δασύς
215 540 293 620 ἴδησί
313 545 384 611 ἔστι,
397 539 504 617 ἐὀίσης
522 545 574 617 τῆς
594 539 685 617 ἄλλης
704 545 755 617 τῆς
775 566 914 617 προκατα-

108 630 260 707 λεχθείσης
269 627 380 704 Λιβύης
390 631 486 706 ψιλῆς·
507 626 565 688 άπὸ
580 628 731 705 θαλάσσης
744 628 775 688 δὲ
788 634 816 692 ἐς
829 629 914 693 αὐτόν
982 645 987 656 “

108 717 219 776 στάδιοι
232 715 373 792 διηκόσιοί
380 719 445 775 εἶσι.
479 715 600 775 Μακέων
610 716 640 775 δὲ
649 715 754 778 τούτων
764 716 892 795 ἐχόμενοι
902 717 961 780 176

107 804 237 868 Γίνδανές
251 805 315 863 εἶσι·
335 808 392 863 τῷν
401 807 431 862 αἶ
442 807 571 885 γυναῖκες
583 804 757 880 περισφύρια
772 805 913 880 δερμάτων

106 891 204 951 πολλά
223 891 329 967 ἑκάστη
348 891 454 968 φορέει·
475 889 547 950 κατά
564 889 672 950 τοιόνδε
689 917 724 961 τι,
740 891 775 954 ιῦς
789 892 911 973 λέγεται·

108 978 168 1038 κατ’
178 978 266 1056 ἄνδρα
277 980 396 1038 ἕκαστον
405 979 543 1056 μιχθέντα
551 977 739 1056 περισφύριον
748 979 912 1055 περιδέεται·

106 1065 164 1142 ἥδ’
176 1066 210 1127 ἂν
223 1070 347 1126 πλεῖστα
364 1066 423 1145 ἔχῃ,
437 1065 507 1141 αῦτη
523 1065 627 1142 ἀρίστη
645 1064 770 1126 δέδοκται
789 1066 858 1126 εἶναι
876 1066 912 1130 ιῖς

105 1153 163 1214 ῦπδ
175 1155 318 1214 πλείστων
334 1152 440 1230 άνδριῦν
459 1154 638 1228 φιληθεῖσα.
663 1152 767 1230 Ἀκτήν
780 1154 810 1212 δὲ
822 1181 889 1232 προ-
901 1157 959 1216 177

107 1243 231 1321 ἔχουσαν
241 1247 269 1305 ε’ς
277 1241 327 1302 τόν
337 1241 441 1302 πόντον
449 1241 555 1302 τούτων
560 1243 619 1302 Ιτιῦν
630 1241 769 1303 Γινδάνων
782 1245 911 1318 νέμονται

105 1329 288 1411 Λωτοφάγοι·
310 1328 400 1390 σῖτόν
416 1329 523 1406 καρπόν
539 1334 645 1406 μοῦνον
663 1334 715 1391 τοῦ
733 1333 824 1389 λωτοῦ
842 1331 910 1407 τριό-

106 1442 204 1498 γοντες
216 1417 328 1489 ζώουσι·
349 1416 366 1478 ό
380 1417 410 1476 δὲ
421 1421 472 1492 τοῦ
485 1420 578 1479 λωτοῦ
591 1417 698 1498 καρπός
712 1422 774 1478 ἔστι
787 1418 910 1498 μέγαθος

107 1503 179 1565 ὅσον
195 1531 227 1565 τε
243 1509 294 1582 τῆς
307 1506 418 1584 σχίνων
437 1505 599 1587 γλυκύτητα
612 1507 650 1578 δὲ,
664 1510 715 1567 τοῦ
729 1506 855 1582 φοίνικος
871 1511 911 1585 τῷ

107 1595 205 1671 καρπῷ
225 1593 419 1670 προσείκελος·
449 1597 593 1654 ποιεῦνται
616 1595 647 1654 δὲ
670 1599 701 1654 ἐκ
723 1597 775 1654 τοῦ
802 1598 910 1672 καρποῦ

106 1679 209 1740 τούτου
222 1683 250 1740 οἱ
261 1680 433 1763 Λωτοφάγοι
446 1681 492 1740 καὶ
505 1681 590 1741 οἶνον.

149 1768 329 1850 Λωτοφάγων
341 1770 372 1829 δὲ
383 1769 416 1830 τό
429 1769 506 1847 παρὰ
520 1770 673 1831 θάλασσαν
684 1770 793 1851 ἔχονται
804 1768 888 1850 Μάχ-
899 1773 958 1835 178

107 1858 181 1927 λυες,
194 1859 233 1936 τῷ
244 1860 325 1936 λωτῷ
336 1860 389 1934 μὲν
401 1858 448 1917 καὶ
461 1856 539 1917 οῦτοι
556 1858 716 1937 χρεόμενοι,
730 1857 802 1935 άταῖρ
814 1857 910 1934 ἧσσόν

106 1968 141 2024 γε
152 1947 209 2005 τῷν
225 1944 362 2022 πρότερον
378 1946 546 2023 λεχθέντων.
588 1945 743 2021 κατήκουσι
755 1946 785 2005 δὲ
800 1946 846 2005 ἐπὶ
859 1972 909 2004 πο-

105 2030 198 2106 ταμόν
219 2032 318 2110 μέγαν,
338 2034 377 2109 τῷ
401 2028 507 2108 οὕνομα
527 2032 634 2107 Τρίτων
654 2033 726 2091 ἔστί·
755 2032 859 2091 ἐκδιδοῖ
880 2033 910 2091 δὲ

107 2116 191 2181 οὗτος
211 2123 240 2181 ε’ς
263 2117 366 2193 λίμνην
387 2118 516 2199 μεγάλην
543 2118 703 2196 Τριτωνιδα·
734 2123 763 2179 έν
786 2119 815 2177 δὲ
839 2118 910 2198 αὐτῇ

106 2208 195 2282 νῆσος
208 2205 255 2276 ἔνι,
269 2208 305 2283 τῇ
319 2203 425 2282 ούνομα
437 2205 511 2264 Φλά·
528 2205 634 2281 ταύτην
647 2205 677 2264 δὲ
688 2205 741 2282 τήν
754 2210 842 2282 νῆσον
851 2213 908 2266 Λα·
926 2212 939 2235 “

107 2294 312 2370 κεδαιμονίοισί
322 2298 397 2368 φασι
409 2292 508 2374 λόγιον
521 2293 591 2353 εἶναι
605 2294 708 2353 κτίσαι.

143 2379 229 2440 Ἔστι
242 2381 272 2440 δὲ
285 2380 332 2440 καὶ
349 2380 361 2402 ‘
378 2406 391 2439 ε
405 2379 492 2460 λόγος
505 2379 667 2461 λεγόμενος·
687 2379 810 2456 Ἰήσονα,
824 2382 887 2441 ἐπεί
899 2383 956 2443 179

105 2494 139 2528 τε
152 2470 179 2528 οί
192 2468 349 2552 ἐξεργάσθη
367 2466 422 2528 ύπδ
439 2472 478 2545 τῷ
496 2470 598 2547 Πηλίῳ
610 2467 629 2543 ή
642 2466 744 2549 Ἀργοῖ,
759 2470 910 2547 ἐσθέμενον

107 2560 136 2619 ἔς
155 2556 242 2633 αι’τιήν
261 2555 354 2633 ἄλλην
372 2582 404 2616 τε
424 2555 586 2633 ἑκατόμβην
606 2556 653 2615 καὶ
673 2556 709 2633 δή
728 2558 774 2617 καὶ
791 2557 910 2634 τρίποδα

105 2642 238 2721 χάλκεον,
256 2643 425 2721 περιπλώειν
442 2643 665 2721 Πελοπόνιησον
684 2644 862 2722 βουλόμενον
883 2650 911 2709 ἔς

108 2729 243 2805 Δελφοῖς
259 2730 420 2793 ἐπικέσθαι·
442 2732 491 2791 καί
504 2758 562 2808 μιν,
584 2730 619 2795 ιῦς
638 2732 762 2791 πλέοντα
777 2732 911 2812 γενέσθαι

107 2818 180 2878 κατά
200 2819 328 2895 Μαλέην,
347 2818 507 2897 ύπολαβεῖν
530 2818 633 2896 ἄνεμον
655 2821 750 2896 βορῆν
773 2820 820 2877 καὶ
841 2818 910 2879 άπα-

108 2907 206 2982 φέρειν
217 2905 288 2983 πρός
298 2906 352 2982 τήν
364 2907 487 2984 Λιβύην·
507 2908 574 2985 πρὶν
587 2907 617 2966 δὲ
630 2906 793 2966 κατιδέσθαι
805 2910 867 2987 γῆν,
882 2910 912 2967 ἐν

107 2997 185 3054 τοῖσι
198 2994 323 3073 βράχεσι
340 2994 474 3075 γενέσθαι
491 2996 594 3072 λίμνης
606 2997 656 3071 τῆς
668 2995 843 3071 Τριτωνίδος·
864 2996 913 3055 καί

107 3084 137 3142 οἱ
151 3080 299 3159 ἀπορέοντι
313 3082 367 3159 τήν
383 3082 526 3165 ἐξαγωγήν
542 3083 629 3165 λόγος
637 3082 699 3143 ἐστὶ
712 3086 836 3157 φανῆναι
848 3084 911 3160 Τρί-

107 3194 191 3239 τωνα,
213 3169 260 3228 καὶ
282 3169 405 3230 κελεύειν
424 3170 474 3232 τόν
496 3169 611 3247 Ἰήσονα
634 3173 723 3249 ἑωυτῷ
744 3169 840 3230 δοῦναι
860 3169 913 3231 τόν

108 3255 239 3334 τρίποδα·
267 3254 395 3335 φάμενόν
413 3263 471 3333 σφι
491 3258 537 3323 καὶ
563 3258 613 3319 τόν
633 3256 722 3336 πόρον
745 3257 841 3328 δέξειν,
866 3258 911 3317 καὶ
