2150 3500
111 135 258 203 ιιι-ιιι]
457 136 570 192 mm.
879 145 912 198 τι

109 220 235 297 Αἰγαῖαι,
257 214 384 295 Μύρινα,
404 217 531 295 Γρύνεια·
559 214 642 279 αὗται
667 218 763 279 ἕνδεκα
787 222 913 285 Αἰολέων

108 302 208 368 πόλιες
227 306 257 364 αἰ
276 302 400 384 ἀρχαῖαι·
426 306 478 381 μία
496 303 553 414 γάρ
573 311 670 382 σφεων
687 307 834 385 παρελύθη
853 309 911 372 ύπό

108 387 223 498 Ἰόνῳν,
237 390 361 469 Σμύρνη·
381 390 456 468 ἦσαν
473 393 531 503 γάρ
549 392 595 452 καί
611 391 692 454 οὗτοι
705 393 866 454 δυόδεκα
838 421 868 456 αι
882 402 912 460 ἔν

82 543 84 546 ,
108 483 146 558 τῇ
165 479 280 559 η’τείρῳ.
314 477 391 539 οὗτοι
408 479 438 540 δὲ
459 505 486 540 οι
476 481 619 544 Αἰολέες
633 481 728 560 χόρην
743 485 796 560 μὲν
812 484 910 566 ἔτυχον

108 567 255 630 κτίσαντες
280 565 382 644 ἀμείνω
406 565 562 639 Ἰάνων,
541 568 632 645 ωρέων
658 569 733 628 δὲ
713 596 839 646 ηκουσαν
860 571 911 633 οὐκ

108 652 219 731 ὁμοίως.
253 653 383 731 Σμύρνην
395 654 426 714 δὲ
444 651 497 715 ὦδε
513 655 663 732 οἷτέβαλον
674 659 799 721 Αἰολέες.
833 665 890 720 Κο-
900 664 958 723 150

107 743 265 817 λοφωνίους
277 740 378 820 ἄνδρας
390 741 479 803 στάσι
494 743 669 807 ἑσσωθέντας
682 745 729 804 καί
741 746 911 813 ἐκπεσόντας

107 833 140 888 ἐκ
152 834 203 905 τῆς
215 829 531 908 πατριδοςύπεδέξαντο·
552 830 624 909 μετά
637 831 675 903 δὲ,
685 835 713 892 οἰ
726 833 848 915 φυγάδες
855 839 911 897 τῶν

107 918 300 993 Κολοφωνίων
313 918 488 994 φυλάξαντες
499 917 565 984 τούς
577 921 750 998 Σμυρναίους
762 921 847 999 ὁρτὴν
859 922 911 994 ἔξω

105 1006 214 1084 τείχεος
233 1008 412 1083 ποιευμένους
431 1007 570 1088 Διονύσῳ,
591 1008 642 1073 τάς
661 1007 754 1073 πύλας
774 1009 910 1088 ἀποκληί-

107 1117 210 1156 σαντες
232 1095 316 1172 ἔσχον
336 1094 388 1170 την
403 1094 498 1156 πόλιν·
525 1095 731 1174 βοηθησάντων
749 1097 780 1156 δὲ
798 1097 920 1169 πάντωνΙ

106 1181 240 1252 Αἰολέων,
255 1181 394 1263 ὁμολογίῃ
408 1182 575 1262 ἐχρήσαντο,
585 1185 621 1245 τά
634 1186 740 1244 ἔπιπλα
750 1183 909 1247 ἀποδόντων

105 1273 163 1329 τῶν
182 1268 279 1329 Ἰάνων
294 1275 419 1331 ἐκλιπεῖν
435 1271 566 1349 Σμύρνην
583 1272 712 1336 Αἰολέας·
734 1272 911 1349 ποιησόντων

107 1355 139 1416 δὲ
158 1361 246 1418 ταῦτα
265 1358 435 1436 Σμυρναίων,
457 1358 639 1420 ἔπιδιείλοντό
659 1366 752 1436 σφεας
769 1363 799 1419 αἰ
815 1360 910 1420 ἕνδεκα

105 1443 213 1517 πόλιες,
240 1447 286 1506 καί
314 1445 483 1522 ἐποιήσαντο
510 1448 607 1523 σφέων
632 1446 736 1508 αύτέων
762 1446 909 1524 πολιήτας.

106 1529 197 1593 Αὗται
214 1534 266 1611 μέν
278 1559 327 1594 νυν
340 1537 369 1594 αἰ
385 1533 563 1612 ἠπειρώτιδες
578 1535 706 1599 Αἰολβες
718 1535 824 1607 πόλιες,
838 1534 889 1605 ἔξω
899 1539 953 1597 151

105 1625 162 1682 τῶν
182 1625 212 1683 έν
227 1627 264 1701 τῇ
278 1620 341 1702 Ἴδη
360 1624 520 1699 οἰκημένων·
543 1624 725 1702 κεχωρίδαται
741 1623 796 1705 γάρ
816 1620 908 1685 αὗται·

106 1711 137 1768 αῖ
150 1709 179 1769 δὲ
191 1708 241 1774 τάς
254 1709 357 1787 νήσους
371 1710 494 1790 ἔχουσαι,
508 1714 591 1773 πέντε
603 1714 656 1790 μὲν
662 1711 761 1775 πόλιες
771 1711 824 1788 την
834 1712 909 1773 Λέσ-

105 1798 163 1873 βον
183 1798 324 1875 νέμονται·
349 1798 402 1875 την
419 1798 475 1879 γάρ
496 1800 578 1877 ἕκτην
595 1806 624 1860 ἐν
638 1805 675 1879 τῇ
695 1800 802 1881 Λέσβῳ
822 1804 909 1861 οἰκεο-

104 1885 193 1961 μένην
212 1885 354 1964 Ἀρίσβαν
375 1884 584 1963 ἠνδραπόδισαν
609 1888 791 1965 Μηθυμναῖοι
814 1888 910 1952 ε’όντας

105 1972 253 2051 ὁμαίμους·
273 1978 303 2035 έν
320 1974 426 2053 Τενέδῳ
444 1974 474 2035 δὲ
491 1976 544 2051 μία
564 1977 682 2035 οἰκέεται
701 1975 794 2048 πόλις,
813 1978 861 2036 καὶ
879 1981 910 2037 έν

104 2066 175 2140 τῇσι
186 2061 419 2139 Ἑκατοννησοισι
432 2063 620 2142 καλεομένῃσι
633 2062 710 2140 άλλη
722 2064 785 2141 μία.

146 2150 304 2227 Λεσβίοισι
316 2151 369 2228 μέν
381 2176 430 2211 νυν
443 2151 490 2209 καὶ
503 2151 666 2221 Τενεδίοισι,
675 2149 799 2228 κατάπερ
810 2150 910 2210 Ἰάνων

85 2241 183 2297 ’τοῖσι
202 2236 252 2300 τοίς
272 2237 376 2314 νήσους
396 2239 503 2318 έχουσι,
520 2235 556 2314 ἦν
574 2235 663 2298 δεινὸν
685 2236 775 2297 οὐδέν·
794 2241 864 2316 τῇσι
879 2238 910 2298 δὲ

106 2329 228 2405 λοιπῇσι
243 2325 344 2386 πόλισι
364 2326 427 2385 ἕαδε
443 2330 522 2405 κοινῇ
533 2324 615 2385 Ἴωσι
634 2325 753 2387 ἔπεσθαι
764 2328 800 2404 τῇ
813 2322 848 2386 ἂν
863 2321 909 2385 ού-

105 2438 152 2473 τοι
169 2414 344 2494 ἐξηγέωνται.
377 2412 426 2477 Ὡς
441 2414 471 2473 δὲ
487 2411 621 2474 ἀπικέατο
642 2418 670 2477 ἐς
688 2412 740 2489 την
756 2411 889 2491 Σπάρτην
899 2414 956 2473 152

105 2504 163 2561 τῶν
181 2500 280 2562 Ἰιύνων
296 2503 343 2561 καὶ
361 2501 486 2562 Αἰολέων
504 2504 532 2561 οἰ
551 2500 677 2584 ἄγγελοι,
698 2500 781 2581 (κατά
800 2500 856 2583 γάρ
874 2499 909 2577 δή

104 2587 193 2667 τάχος
212 2587 248 2664 ἦν
265 2592 355 2650 ταῦτα
374 2588 582 2670 πρησσόμενα)
602 2589 712 2648 εἵλοντο
727 2588 783 2666 πρό
799 2588 910 2648 πάντων

106 2676 202 2757 λέγειν
220 2676 270 2737 τόν
285 2677 409 2748 Φωκαέα,
426 2682 465 2756 τῷ
483 2675 590 2754 ούνομα
608 2676 644 2752 ἦν
665 2675 823 2754 Πύθερμος·
846 2675 910 2736 ὅδὲ

106 2762 268 2841 πορφύρεόν
279 2790 311 2825 τε
324 2765 388 2843 εἰμα
405 2764 632 2843 περιβαλόμενος
645 2763 680 2827 ὦς
692 2761 727 2824 ἂν
739 2762 910 2839 πυνθανόμε-

106 2875 151 2911 νοι
163 2854 297 2912 πλεῖστοι
310 2853 473 2913 συνέλθοιεν
486 2849 746 2930 Σπαρτιητέων,καί
760 2847 909 2919 καταστάς,

108 2938 189 3019 ἔλεγε
208 2938 306 2998 πολλοὶ
322 2940 466 3017 τιμωρέειν
489 2942 616 2999 έωυτοῖσι
630 2936 749 3017 χρῄζων·
774 2935 909 2997 Λακεδαι-

106 3024 200 3103 μόνιοι
214 3026 244 3085 δὲ
256 3025 288 3087 ού
303 3053 355 3091 κως
370 3027 480 3104 ἤκουον,
494 3026 560 3085 ἀλλ’
574 3024 694 3094 ἀπέδοξέ
706 3030 762 3100 σφι
774 3023 815 3101 μή
827 3047 909 3099 τιμω-

107 3113 276 3191 ρέεινἾωσι.
304 3118 331 3175 οἶ
343 3114 436 3193 μὲνδῆ
446 3112 682 3175 ἀπαλλάσσοντο·
695 3110 911 3189 Λακεδαιμόνιοι

108 3201 139 3261 δὲ
151 3201 332 3280 α’πωσάμενοι
345 3206 400 3264 τῶν
411 3202 510 3264 Ἰάνων
523 3201 589 3264 τούς
601 3200 747 3283 ἀγγέλους,
757 3197 831 3275 ὅμως
843 3197 910 3259 οἶπέ·

107 3293 228 3353 στειλαν
249 3292 454 3372 πεντηκοντέρῳ
473 3289 584 3368 ἄνδρας,
603 3287 639 3352 ὥς
657 3290 710 3366 μὲν
730 3287 792 3353 ἐμοὶ
811 3285 908 3362 δοκέει,
