2150 3500
193 76 245 124 222
487 72 673 125 ‘HPOAOM
930 72 996 139 [ffl-

192 152 237 217 ὅτι
248 154 396 231 ἐκκομίσαι
406 180 439 215 τε
451 153 586 215 α’δύνατον
598 154 641 231 εἴη
653 152 788 233 άνθρύπηι
799 152 956 231 ἄνθρωπον
967 161 996 216 ἐκ

191 244 242 303 τοῦ
258 243 415 319 μέλλοντος
429 242 559 323 γίνεσθαι
575 241 747 323 πρήγματος,
767 241 815 301 καὶ
835 241 883 303 ὅτι
900 243 997 304 ούκεύ

190 328 369 405 τελευτήσειν
380 330 482 407 μέλλει
493 328 679 408 Πολυκράτης
689 328 830 408 εύιυχέων
842 329 881 389 τοὶ
896 330 996 402 πάντα,

191 417 222 481 ὃς
234 418 281 477 καὶ
295 416 332 479 τά
344 416 507 494 ἀποβάλλει
520 417 650 495 εὑρίσκει·
670 417 783 495 πέμψας
796 418 831 477 δέ
847 418 997 496 οίκήρυκα

192 512 220 571 ἐς
245 505 342 585 Σάμον
364 504 530 567 διαλύεσθαι
555 506 611 582 ἔφη
633 503 686 581 τήν
708 505 823 582 ξεινίην.
872 506 940 589 [τοῦ
965 508 997 584 δή

192 594 282 655 εἵνεκα
303 596 391 654 ταῦτα
414 593 514 653 ἐποίεε·
541 593 587 654 ἶνα
604 592 655 670 μὴ
675 594 830 672 συντυχίης
853 594 950 671 δεινῆς
967 622 997 656 τε

150 690 153 697 “
191 682 238 742 καὶ
251 681 377 762 μεγάλης
393 678 580 758 Πολυκράτεα
594 680 823 756 καταλαβούσης,
841 680 933 747 αύτὸς
950 681 996 743 α’λ-

190 769 288 851 γήσειε
299 769 351 846 τήν
364 769 458 849 ψυχήν
471 768 506 833 ὥς
517 768 582 845 περὶ
595 769 685 839 ξείνου
696 767 820 850 ἄνδράς]

144 860 183 919 44
231 855 296 917 Ἐπὶ
307 856 451 932 τοῦτονδή
465 855 502 935 ὧν
514 855 565 917 τὰν
578 855 763 935 Πολυκράτεα
777 855 996 936 εύηιχέοντατά
1012 891 1017 900 ·

190 944 282 1006 πάντα
296 944 496 1022 ἐστρατεύοντο
507 944 730 1022 Λακεδαιμόνιοι,
744 947 997 1023 ἐπικαλεσαμένων

190 1038 245 1093 τῶν
262 1033 334 1111 μετά
350 1037 439 1093 ταῦτα
451 1033 595 1109 Κυδωνίην
611 1032 664 1109 τήν
679 1037 708 1093 ἐν
721 1032 824 1111 Κρήτῃ
839 1034 997 1095 κτισάντων

191 1123 312 1199 Σαμίων.
345 1120 530 1199 Πολυκράτης
550 1121 580 1182 δὲ
596 1122 710 1200 πέμψας
728 1120 805 1199 παρά
828 1122 997 1199 Καμβύσεα

189 1210 240 1272 τόν
257 1210 353 1288 Κύρου
369 1210 549 1291 συλλέγοντα
565 1207 688 1287 στρατὸν
705 1208 747 1269 ἐπ’
764 1210 927 1290 Αἴγυπτον,
944 1212 996 1271 ἐδε-

189 1296 246 1375 ήθη
255 1298 323 1363 ὅκως
335 1297 370 1359 ἂν
380 1297 427 1357 καὶ
438 1296 503 1374 παρ’
514 1297 615 1357 ἐωυτὸν
623 1298 737 1376 πέμψας
749 1300 778 1361 ἐς
790 1293 896 1374 Σάμον
906 1299 996 1359 δέοιτο

191 1391 323 1463 στρατοῦ·
345 1384 507 1463 Καμβύσης
524 1384 555 1443 δὲ
574 1383 697 1448 οἰκούσας
715 1383 821 1445 τούτων
842 1385 996 1464 προθύμως
1045 1437 1047 1440 .

191 1475 298 1553 έπεμψε
320 1479 348 1539 ἐς
370 1472 476 1551 Σάμον,
496 1472 625 1550 δεόμενος
647 1471 849 1550 Πολυκράτεος
869 1475 996 1552 στρατὸν

190 1561 320 1623 ναυτικόν
342 1561 401 1639 άμα
424 1562 534 1639 πέμψαι
561 1564 650 1640 ἑωυτῷ
672 1559 714 1620 ἐπ’
735 1562 895 1642 Αἴγυπτον·
923 1562 942 1624 ά
966 1564 996 1623 δέ

191 1650 320 1719 ἐπιλέξας
344 1653 400 1710 τῶν
425 1648 520 1710 οἰστῶν
546 1647 611 1712 τούς
634 1647 780 1709 ύπιύττευε
805 1649 944 1727 μάλιστα
968 1656 995 1715 ἐς

191 1736 390 1806 ἐπανάστασιν,
405 1735 554 1815 ἀπέπεμπε
569 1736 778 1815 τεσσεράκοντα
793 1738 939 1816 τριήρεσι,
954 1744 993 1801 ἐν·

189 1824 351 1902 τειλάμενος
364 1824 512 1904 Καμβύση
521 1824 614 1886 ὀπίσω
625 1825 739 1890 τούτους
750 1824 792 1903 μή
802 1825 993 1904 ἀποπέμπω.

143 1915 181 1974 45
191 1914 228 1971 Οἱ
239 1913 334 1990 μὲνδὴ
344 1913 464 1995 λέγουσι
475 1913 541 1977 τούς
550 1912 786 1991 ἀποπεμφθέντας
800 1915 919 1992 Σαμίων
927 1916 992 1998 [ivd

190 2000 399 2081 Πολυκράτεος]
412 1998 462 2060 οὐκ
475 1998 628 2061 ἀπικέσθαι
639 2005 668 2064 ἐς
680 2001 833 2082 Αἴγυπτον·
850 2001 921 2062 σ’λΧ
935 2004 997 2063 ἐπεί

190 2113 222 2149 τε
247 2091 374 2170 ἐγένοντο
396 2093 427 2149 ἐν
448 2086 594 2167 Καρπάθῳ
616 2088 758 2160 πλέοντες,
781 2088 882 2150 δοῦναί
903 2097 992 2168 σφισι

190 2176 278 2258 λύγον
290 2178 339 2238 καί
349 2183 405 2253 σφι
418 2175 493 2236 οἷδεῖν
501 2175 534 2236 τὰ
545 2177 713 2253 προσωτέρω
724 2176 826 2255 μηκέτι
837 2177 949 2238 πλέειν·
965 2181 993 2239 οἱ

191 2263 221 2324 δέ
237 2265 356 2347 λέγουσι
371 2263 554 2342 ἀπικομένους
568 2285 600 2325 τε
615 2269 643 2327 ἐς
655 2264 799 2345 Αἴγυπτον
814 2264 863 2324 καὶ
877 2270 991 2341 φυλασ-

190 2354 334 2428 σομένους,
351 2354 476 2412 ἐνθεῦτεν
495 2351 595 2416 αύτούς
610 2351 774 2429 ἀποδρῆναι·
795 2355 992 2415 καταπλέωσι

191 2438 220 2498 δὲ
236 2443 264 2501 ἐς
277 2439 329 2514 τήν
343 2439 439 2516 Σάμον
452 2438 638 2517 Πολυκράτης
650 2441 735 2516 νηυσὶ
747 2439 885 2504 ἀντιάσας
898 2445 930 2506 ἐς
939 2443 991 2518 μά-

189 2549 244 2604 χην
259 2527 391 2602 κατέστη·
410 2526 574 2602 νικήσαντες
591 2528 621 2588 δὲ
639 2531 667 2588 οἱ
684 2527 824 2593 κατιόντες
834 2528 992 2607 ἐπέβησαν

191 2617 219 2676 ἐς
235 2612 287 2688 τὴν
301 2617 400 2689 νῆσον·
420 2614 667 2694 πεζομαχήσαντες
680 2616 710 2675 δὲ
726 2621 756 2676 ἐν
771 2615 845 2696 αὐτῇ
862 2618 991 2694 ἐσπάθη-

191 2727 255 2762 σαν·
275 2702 322 2762 καὶ
338 2701 457 2779 ούτωδή
474 2703 575 2763 ἔπλεον
590 2708 619 2768 ἐς
632 2704 838 2782 Λακεδαίμονα.
873 2707 946 2785 (εἶσὶ
959 2706 991 2765 δὲ
1049 2714 1050 2775 s

192 2790 219 2850 οἳ
232 2791 349 2873 λέγουσι
365 2790 430 2854 τούς
447 2789 494 2850 ἀπ’
508 2789 652 2872 Αἰγύπτου
665 2795 778 2868 νικῆσαι
791 2791 989 2870 Πολυκράτεα,

152 2955 154 2962 Δ
191 2877 328 2957 λέγοντες,
349 2878 412 2955 ἐμοὶ
431 2877 543 2946 δοκέειν,
564 2876 615 2937 ούκ
635 2877 733 2954 ὀρθῶς·
754 2877 911 2960 οὐδὲνγὰρ
933 2879 990 2940 ἔδεε

190 2965 282 3036 σφέας
306 2964 541 3038 Λακεδαιμονίους
567 2965 774 3035 ἐπικαλέεσθαι,
801 2966 880 3043 εἴπερ
906 2966 990 3027 αὐτοὶ

191 3050 279 3107 ἱκανοὶ
297 3049 371 3124 ἦσαν
391 3049 576 3126 Πολυκράτεα
595 3052 847 3127 παραστήσασθαι·
866 3055 941 3130 πρός
959 3055 990 3113 δὲ

189 3134 322 3203 τούτοισι,
331 3134 393 3194 οὐδὲ
405 3134 492 3214 λόγος
504 3135 598 3210 αἱρέει,
605 3139 644 3213 τῷ
653 3138 803 3215 ἐπίκουροί
807 3165 840 3198 τε
848 3142 991 3215 μισθωτοὶ

190 3219 236 3276 καὶ
250 3219 363 3289 τοξόται
374 3219 475 3294 οῖκήϊοι
486 3217 561 3294 ἦσαν
573 3220 677 3288 πλήθεΐ
690 3225 799 3285 πολλοὶ
807 3229 917 3287 ’τοῦτον
932 3226 991 3288 {m}
1047 3270 1048 3291 γ
