2150 3500
70 124 224 192 118-120]
425 127 537 177 mm.
848 132 880 180 τι

64 203 168 282 μέλεα
184 203 290 278 διελών,
303 205 340 268 τά
354 207 406 284 μὲν
422 205 537 283 ώπτησε
552 205 589 266 τά
604 205 635 266 δέ
651 206 742 284 ἔφησε
753 210 809 267 τών
821 232 882 284 κρε-

65 297 118 353 ὣν·
144 292 263 354 εὔτυκτα
279 294 309 354 δὲ
324 293 514 370 ποιησάμενος
531 293 591 372 εἶχε
607 298 714 371 ἑτοῖμα·
728 295 831 354 ἐπείτε
843 295 882 366 δέ,

64 385 122 456 τῆς
137 381 212 460 ὥρης
224 382 371 463 γινομένης
382 385 433 443 τοῦ
446 382 566 454 δείπνου,
576 387 710 460 παρῆσαν
721 383 788 443 οίτε
797 381 884 443 ἄλλοι

65 468 240 547 δαιτυμόνες
260 472 306 530 καὶ
326 470 512 550 ὁἈρποιγος,
532 473 610 531 τοῖσι
628 473 681 547 μὲν
700 468 818 531 άλλοισι
837 471 884 530 καὶ

65 555 152 636 αὐτῷ
166 555 318 639 Ἀστυάγεϊ
333 558 517 635 παρετιθέατο
532 556 668 635 τράπεζαι
683 557 815 616 ἐπιπλέοι
829 583 883 635 μη-

66 645 161 704 λείων
171 649 265 722 κρεῶν,
273 644 406 725 Ἁρπάγῳ
420 644 450 704 δὲ
461 649 512 705 ποῦ
521 645 621 709 παιδός
632 648 683 704 τοῦ
697 648 799 705 έωυτοῧ
807 644 885 721 πλῆν

67 736 208 808 κεφαλῆς
222 759 255 792 τε
272 735 318 792 καὶ
334 731 424 809 άκρων
435 737 536 811 χειρῶν
548 758 580 794 τε
593 733 640 792 καὶ
651 733 746 793 ποδῶν
757 732 794 792 τά
806 731 885 792 ἄλλα

67 819 181 880 πάντα·
201 825 290 881 ταῦτα
308 821 339 880 δὲ
356 820 441 900 χωρὶς
458 821 546 879 ἔκειτο
566 821 612 879 ε’πὶ
629 820 716 900 κανέῳ
730 845 885 880 κατακεκα-

68 908 218 985 λυμμένα·
239 907 276 972 ώς
296 909 326 968 δέ
342 913 382 988 τῆ
398 906 531 988 Ἁρπάγῳ
551 907 643 968 ε’δόκεε
662 906 726 971 άλις
744 909 816 986 Ιέχειν
833 912 885 984 τῆς

69 996 180 1073 βορῆς,
193 993 353 1077 Ἀστυάγης
365 995 454 1072 εἴρετό
470 1020 518 1071 μιν
535 999 560 1055 εί
575 994 677 1072 ἡσθείη
692 1020 721 1056 τι
735 999 772 1074 τῇ
788 996 885 1074 θοίνη;

71 1083 209 1159 φαμένου
222 1083 252 1142 δὲ
263 1081 408 1163 Ἁρπάγου
420 1082 467 1142 καὶ
480 1080 569 1159 κάρτα
580 1081 705 1157 ῆσθῆναι
716 1082 886 1160 παρέφερον,

70 1174 157 1231 τοῖσι
169 1171 344 1250 προσέκειτο,
356 1169 410 1246 τῆν
421 1169 552 1245 κεφαλῆν
563 1174 614 1230 τοῦ
626 1169 725 1233 παιδός
736 1195 887 1230 κατακεκα-

72 1258 227 1336 λυμμένην
243 1259 290 1320 καὶ
306 1257 357 1322 τοὶς
371 1261 468 1337 χεῖρας
486 1258 533 1316 καὶ
550 1257 616 1320 τούς
631 1256 727 1328 πόδας,
737 1255 887 1338 Ἀρπαγον

73 1345 110 1405 δὲ
127 1346 257 1406 ε’κέλευον
272 1345 445 1428 προστάντες
461 1342 672 1404 άποκαλάπτειν
682 1369 714 1404 τε
726 1345 773 1403 καὶ
785 1345 888 1420 λαβεῖν

73 1432 112 1494 τό
132 1433 271 1510 βούλεται
291 1434 390 1495 αὐτῶν·
410 1431 576 1510 πειθόμενος
596 1432 626 1492 δὲ
644 1430 822 1513 όἈρπαγος
841 1431 889 1492 καὶ

75 1519 288 1582 α’ποκαλώπτων
303 1521 357 1600 ὄρῆ,
372 1525 423 1582 τοῦ
439 1520 540 1584 παιδός
554 1519 591 1581 τά
608 1521 759 1598 λείμματα,
778 1518 842 1580 ἰδών
859 1518 890 1580 δὲ

75 1607 147 1669 οὔτε
169 1607 311 1689 ἐξεπλάγη
333 1608 409 1672 ἐντός
429 1633 460 1669 τε
481 1609 583 1668 έωυτοῦ
603 1609 719 1689 γίνεται·
749 1608 837 1686 εἴρετο
858 1607 889 1667 δὲ

75 1695 167 1759 αὐτόν
187 1696 204 1759 ά
223 1695 390 1779 Ἁστυάγης,
415 1699 439 1757 εί
459 1695 596 1778 γινώσκοι
618 1695 681 1757 ὅτευ
703 1697 800 1775 θηρίου
822 1695 889 1775 κρέα

76 1785 245 1864 βεβρώκοι;
264 1784 280 1846 ά
294 1785 324 1845 δὲ
337 1786 383 1846 καὶ
394 1784 543 1866 γινώσκειν
556 1786 611 1862 ἔφη
625 1786 672 1846 καὶ
684 1784 805 1863 άρεστδν
819 1785 889 1846 εἶναι

77 1878 140 1934 πᾶν
151 1874 184 1934 τδ
198 1872 233 1934 ἂν
244 1872 384 1951 βασιλεῦς
396 1873 473 1951 ἓρδη.
509 1861 637 1934 τοότόισι
649 1873 680 1933 δὲ
692 1872 889 1952 ἀμειψάμενος,

79 1961 130 2020 καὶ
146 1959 300 2038 άναλαβών
313 1960 351 2020 τά
366 1960 455 2021 λοιποὶ
467 1950 524 2020 τών
539 1964 635 2038 κρεῶν,
647 1959 692 2036 ῆῖε
708 1966 736 2024 ές
751 1960 788 2020 τά
805 1961 889 2021 οἰκία·

79 2049 209 2111 ἐνθεῦτεν
221 2048 253 2109 δὲ
265 2049 376 2127 ἔμελλε,
390 2048 426 2112 ώς
439 2047 493 2130 ἐγώ
505 2048 600 2121 δοκέω,
613 2047 719 2114 ἁλίσας
737 2046 839 2127 θάψειν
852 2047 890 2109 τά

80 2136 186 2197 πάντα.

122 2222 258 2305 Ἁρπάγῳ
276 2225 329 2301 μὲν
343 2222 504 2305 Ἀστυάγης
522 2221 602 2298 δίκην
617 2219 723 2297 ταότην
738 2221 867 2298 ἐπέθηκε.
878 2222 938 2283 120

82 2310 182 2390 Κόρου
202 2312 232 2371 δὲ
253 2313 317 2391 πέρι
336 2310 490 2390 βουλείαν,
513 2308 612 2371 ε’κάλεε
631 2308 696 2373 τούς
717 2306 817 2373 σώτοδς
835 2312 892 2370 τών

80 2399 184 2481 μάγων
200 2399 227 2459 οἳ
241 2399 274 2461 τό
291 2398 418 2461 ε’νόπνιόν
433 2401 461 2460 οἱ
475 2396 564 2477 ταότη
577 2398 693 2476 ἔκριναν,
707 2395 892 2475 άπικομένους

83 2488 114 2548 δὲ
128 2487 218 2563 εἴρετο
231 2486 247 2547 ὁ
259 2486 418 2568 Ἀστυάγης
430 2483 467 2566 τῆ
480 2484 589 2565 ἔκρινάν
601 2488 629 2545 οἱ
645 2484 698 2562 τῆν
713 2483 796 2563 όψιν;
818 2487 846 2545 οἱ
861 2485 892 2546 δέ

84 2573 158 2635 κατά
168 2573 258 2635 ταύτά
271 2574 359 2646 εἶπαν,
372 2575 503 2655 λέγοντες
519 2573 555 2636 ok
570 2575 747 2650 βασιλεῦσαι
758 2577 831 2652 χρῆν
842 2572 893 2633 τδν

84 2662 174 2721 παῖδα
195 2665 220 2721 εί
241 2663 364 2733 ἐπέζωσε
384 2662 432 2722 καὶ
451 2660 492 2737 μῆ
514 2659 636 2722 ἀπέθανε
656 2661 802 2739 πρότερον·
824 2658 840 2721 ό
862 2660 893 2720 δέ

24 2774 27 2780 ’
86 2748 238 2827 άμείβεται
251 2748 351 2812 αὐτοδς
363 2749 469 2809 τοῖσδε·
482 2757 501 2785 “
509 2750 571 2808 ἔστι
582 2774 614 2809 τε
629 2748 724 2811 ὀπαῖς
741 2748 800 2829 [καὶ
815 2748 893 2824 περί-

87 2836 162 2919 εστι]
176 2838 226 2897 καί
234 2862 283 2915 μιν
296 2835 339 2897 ἐπ’
351 2835 439 2918 ἀγροῦ
458 2836 638 2912 διαιτώμενον
649 2838 677 2895 οἱ
689 2840 720 2895 ἐκ
732 2840 783 2911 τῆς
799 2833 893 2912 κώμης

86 2926 185 2988 παῖδες
201 2924 359 3001 ἐστήσαντο
374 2924 512 3002 βασιλέα·
528 2923 545 2984 ὁ
561 2923 592 2982 δὲ
606 2921 706 2994 πάντα,
723 2921 779 2982 ὅσα
794 2947 848 2999 περ
865 2924 894 2982 οἱ

88 3012 192 3088 άληθέῐ
207 3010 284 3097 λόγῳ
302 3012 447 3089 βασιλέες,
467 3011 602 3072 ε’τελέωσε
619 3008 751 3085 ποιήσας·
772 3008 892 3089 καὶγὰρ

89 3098 264 3177 δορυφόρους
277 3101 323 3158 καὶ
336 3098 475 3177 θυρωροδς
488 3099 534 3157 καὶ
551 3096 784 3179 ἀγγελιηφόρους,
797 3094 893 3157 καὶτὰ

89 3187 179 3247 λοιποὶ
190 3184 284 3246 πάντα
297 3186 427 3257 διατάξας
440 3186 507 3264 εἶχε·
522 3185 569 3245 καὶ
581 3189 630 3245 νῦν
647 3189 675 3247 ἐς
686 3185 717 3245 τί
726 3183 793 3260 ώμῖν
803 3187 893 3244 ταῦτα

91 3276 222 3351 φαίνεται
238 3274 334 3352 φέρειν
343 3273 367 3343 ;’'
384 3273 465 3335 εἶπαν
477 3274 505 3333 οἶ
520 3270 617 3352 μάγοι·
635 3274 687 3332 “εί
700 3273 753 3349 μὲν
766 3270 896 3349 περίεστί
