2150 3500
130 119 271 186 158—161]
422 123 650 172 ΜΗΛΠΟΜΕΝΗ.
876 122 929 168 ’345

127 201 269 270 συλλέξας
290 201 413 278 στρατόν
436 203 594 281 Αἰγυπτίων
617 200 729 261 πολλόν
755 201 860 275 ἐπεμπε
883 200 929 260 ἐπὶ

125 287 179 363 τήν
194 290 332 363 Κυρήνην·
353 291 380 347 αί
397 289 427 346 δὲ
443 294 597 364 Κυρηναῖοι
618 286 887 364 ἐκστρατευσάμενοι
903 292 930 349 ἐς

122 374 226 451 Ἴρασα
248 381 339 454 χῶρον
363 378 408 435 καὶ
429 377 475 436 ἐπὶ
499 375 602 452 κρήνην
625 377 744 450 Θέστην,
768 375 930 450 συνέβαλόν

124 488 158 522 τε
182 467 260 522 τοῖσι
286 465 466 543 Αἰγυπτίοισι
492 464 538 521 καὶ
566 464 697 538 ἐνίκησαν
720 466 755 540 τῇ
780 463 927 540 συμβολῇ·

125 549 176 609 ἀτε
202 549 257 631 γάρ
283 550 316 609 ού
342 551 540 627 πεπειρημένοι
566 550 701 625 πρότερον
728 553 755 608 οἱ
780 548 929 629 Αἰγύπτιοι

125 635 280 712 Ἑλλήνων,
308 638 354 696 καὶ
379 637 614 715 παραχρεώμενοι,
642 637 835 714 διεφθάρησαν
858 635 928 695 οὕτω

126 723 201 783 ὥστε
216 723 311 805 ὀλίγοι
327 727 399 786 τινὲς
412 724 502 782 αὐτῶν
516 723 714 798 ἀπενόστησαν
731 729 758 787 ἐς
774 725 926 805 Αἴγυπτον.

125 810 189 870 ἀντὶ
206 811 312 884 τούτων
330 809 481 891 Αἰγύπτιοι
501 810 572 868 κατά
594 815 682 869 ταῦτα
705 811 928 887 ἐπιμεμφόμενοι

125 897 237 976 Ἀπρίῃ,
252 898 419 974 ἀπέστησαν
432 897 479 956 ἀπ’
494 897 590 955 αὐτοῦ.
772 967 776 974 Ι

166 985 272 1045 Τούτου
286 985 316 1044 δέ
328 989 379 1045 τοῦ
392 984 504 1043 Βάττεω
517 986 623 1063 γίνεται
635 982 700 1044 πόϊς
712 982 905 1059 Ἀρκεσίλεως·
916 985 973 1044 160

125 1071 158 1135 ὃς
189 1073 370 1148 βασιλεύσας
402 1075 499 1147 πρῶτα
531 1075 609 1129 τοῖσι
635 1073 734 1129 ἑωυτοῦ
761 1070 927 1146 ἀδελφεοῖσι

126 1162 333 1230 ἐστασίασε,ές
353 1159 369 1219 ὅ
388 1184 437 1235 μιν
457 1156 535 1217 οὗτοι
555 1156 741 1219 ἀπολιπόντες
765 1158 875 1236 οἴχοντο
899 1163 927 1220 ἐς

125 1245 218 1306 ἀλλον
238 1253 331 1325 χοῖρον
351 1251 402 1321 τῆς
422 1246 541 1320 Λιβύης,
561 1244 606 1303 καὶ
629 1243 670 1302 ἐπ’
693 1247 798 1303 ἑωυτῶν
808 1239 925 1319 ’βαλλό

124 1359 214 1409 μενοι,
228 1335 341 1393 ἔκτισαν
359 1333 445 1392 πόλιν
463 1332 567 1408 ταύτην
586 1330 606 1406 ἦ
625 1330 690 1391 τότε
707 1331 752 1389 καὶ
765 1336 814 1391 νῦν
829 1331 925 1407 Βάρκη

126 1423 266 1480 καλέεται·
294 1422 431 1490 κτίζοντες
456 1418 479 1478 δ’
504 1419 563 1494 ἅμα
590 1417 676 1494 αύτην
703 1417 843 1478 ἀπιστᾶσι
857 1416 926 1476 ’ἀπό

125 1510 182 1565 τῶν
195 1509 358 1583 Κυρηναίων
373 1506 438 1569 τούς
455 1505 572 1582 Λίβυας.
601 1505 671 1582 μετά
689 1506 728 1575 δέ,
740 1505 926 1579 Ἀρκεσίλεως

127 1597 156 1654 ἐς
179 1594 244 1656 τούς
268 1593 487 1668 ἀποδεξαμένους
512 1619 544 1652 τε
569 1596 624 1652 τῶν
649 1592 763 1668 Λιβύων
789 1591 835 1650 καὶ
858 1590 925 1649 ἀπο-

127 1682 249 1742 στάντας
273 1682 338 1743 τούς
361 1680 460 1743 αύτούς
481 1679 603 1751 τούτους,
629 1680 817 1756 ἐστρατεύετο·
847 1681 873 1738 οἱ
897 1679 926 1737 δέ

126 1767 234 1842 Λίβυες
259 1767 399 1830 δείσαντες
425 1767 518 1837 αὐτόν,
543 1765 830 1847 οἵχοντοφεύγοντες
857 1766 926 1843 πρός

127 1852 191 1915 τούς
210 1853 304 1927 ἠοίους
323 1859 378 1914 τῶν
396 1853 520 1929 Λιβύων·
544 1853 560 1913 ὁ
581 1854 610 1913 δὲ
629 1853 813 1930 Ἀρκεσίλεως
833 1854 926 1913 εἵπετο

128 1941 276 2017 φεύγουσι,
291 1946 319 2003 ἐς
334 1939 366 1999 οὗ
386 1946 415 2001 ἐν
432 1940 559 1999 Λεύκωνί
573 1965 605 1999 τε
624 1944 675 2014 τῆς
693 1942 803 2014 Λιβύης
819 1942 924 2019 ἐγίνετο

128 2026 285 2095 ἐπιδιώκων,
309 2028 354 2084 καὶ
381 2027 457 2095 ἔδοξε
483 2029 560 2085 τοῖσι
586 2026 696 2100 Λίβυσι
721 2027 867 2085 ἐπιθέσθαι
890 2030 926 2085 οἱ·

128 2112 325 2188 συμβαλόντες
344 2113 374 2172 δέ
390 2114 521 2187 ἐνίκησαν
532 2111 598 2175 τούς
612 2111 784 2187 Κυρηναίους
796 2116 925 2185 τοσοῦτο,

129 2200 201 2259 ὥστε
229 2203 456 2277 ἑπτακισχιλίους
482 2197 600 2261 ὁπλίτας
624 2198 787 2272 Κυρηναίων
811 2199 927 2258 ἐνθαῦτα
968 2240 970 2245 -

128 2288 250 2346 πεσέειν.
289 2284 361 2362 μετὰ
388 2285 419 2343 δέ
443 2285 477 2346 τό
503 2286 600 2360 τρῶμα
628 2288 711 2343 τοῦτο
741 2284 927 2361 Ἀρκεσίλεων

127 2375 180 2448 μέν
198 2374 340 2450 κάμνοντά
357 2398 389 2434 τε
410 2373 457 2431 καὶ
476 2372 626 2447 φάρμακον
645 2370 794 2429 πεπωκότα
812 2370 828 2430 ό
847 2370 927 2429 ἀδελ-

130 2460 199 2534 φεός
219 2465 347 2539 Λέαρχος
368 2459 525 2538 ἀποπνίγει·
556 2460 685 2535 Λέαρχον
712 2457 742 2517 δὲ
768 2457 787 2534 ἡ
813 2458 882 2539 γυνὴ
908 2459 927 2536 ἡ

128 2544 298 2622 Ἀρκεσιλεω
325 2546 399 2625 δόλῳ
426 2546 531 2616 κτείνει,
559 2548 595 2623 τῇ
621 2544 726 2624 οὕνομα
752 2546 787 2622 ἦν
812 2546 927 2623 Ἐρυξιό.

130 2633 279 2701 Διεδέξατο
292 2634 323 2693 δέ
334 2636 387 2709 την
399 2633 556 2709 βασιληίην
568 2636 619 2691 τοῦ
631 2631 801 2710 Ἀρκεσίλεω
816 2633 831 2695 ὁ
845 2633 909 2697 πάϊς
918 2636 971 2693 161

129 2719 245 2789 Βάττος,
259 2720 351 2798 χωλός
367 2719 419 2781 ἐιόν
434 2719 481 2778 καὶ
498 2720 548 2778 ούκ
564 2718 702 2795 ἀρτίπους,
745 2724 773 2779 οἶ
791 2722 821 2779 δέ
838 2727 928 2797 Κυρη-

129 2806 203 2865 ναῖοι
222 2807 292 2881 πρός
311 2808 364 2883 τὴν
383 2808 605 2882 καταλαβοῦσαν
629 2807 782 2883 συμφορήν
805 2808 930 2883 ἔπεμπον

130 2897 159 2956 ἐς
179 2892 312 2967 Δελφούς
332 2894 570 2970 ἐπειρησομένους,
590 2892 701 2955 ὅντινα
721 2893 827 2968 τρόπον
848 2920 929 2953 κατα·

130 2977 306 3053 στησάμενοι
333 2977 474 3039 κάλλιστα
500 2977 534 3038 ἂν
563 2980 695 3049 οἶκέοιεν;
729 2978 748 3055 ἡ
775 2981 805 3038 δέ
834 2982 928 3058 Πυθίη

130 3066 240 3125 ἐκέλευε
260 3070 291 3123 ἐκ
313 3068 469 3140 Μαντινέης
489 3069 540 3140 τῆς
560 3063 700 3149 Ἀρκάδων
722 3071 929 3145 καταρτιστῆρα

130 3151 298 3232 ἀγαγέσθαι,
339 3150 431 3210 αἴτεον
449 3150 487 3211 ὧν
507 3154 534 3210 οἱ
553 3157 721 3231 Κυρηναῖοι,Ι
737 3155 783 3213 καὶ
803 3157 831 3215 οἱ
851 3160 929 3215 Μαν-

129 3238 215 3302 τινέες
241 3237 343 3297 ἔδοσαν
366 3234 452 3315 ἄνδρα
474 3241 529 3297 τῶν
553 3235 645 3295 ἀστῶν
673 3241 868 3315 δοκιμώτατον,
891 3246 930 3318 τῷ
