2150 3500
177 106 242 181 ¹292
497 103 679 156 Ἦνοκοτοτ
930 105 990 168 [ιτ.

192 179 282 246 ούδέν·
302 182 400 264 ἔλεγον
411 182 467 265 γάρ
479 181 514 245 άν
527 183 574 243 καὶ
587 183 703 255 Σκύθαι,
717 183 752 248 οἷς
764 184 829 262 περὶ
841 185 900 262 τῶν
910 207 991 261 μουν-

193 271 350 349 οφθάλμων
374 272 502 352 λέγουσι.
536 269 602 331 ἀλλ’
625 270 750 351 Ἡσιόδῳ
770 273 822 348 μέν
846 277 911 332 ἐστι
928 271 991 348 περὶ

191 359 385 437 Ὑπερβορέων
401 360 538 437 εἰρημένα,
553 359 614 420 ἐστι
631 359 661 418 δέ
676 361 723 418 καὶ
740 358 857 437 Ὁμήρῳ
874 363 904 419 ἐν
915 357 991 418 Ἐπι-

190 448 310 530 γόνοισι,
332 451 356 507 εἰ
375 446 409 521 δή
428 450 468 526 τῷ
487 446 561 508 ἐόντι
577 472 611 527 γε
624 445 753 524 Ὅμηρος
767 450 858 507 ταῦτα
872 445 909 504 τοὶ
927 446 992 504 ἔπεα

143 539 181 598 33
192 537 316 611 ἐποίησε·
337 538 447 614 Πολλῳ
466 535 499 594 δέ
512 559 542 595 τι
561 537 685 595 πλεῖστα
699 534 765 612 περὶ
782 533 876 595 ούτῶν
890 532 993 609 Δήλιοι

188 625 315 706 λέγουσι,
329 621 450 699 φάμενοι
468 620 515 700 ἱρά
532 620 693 698 ἐνδεδεμένα
712 626 740 682 ἐν
755 620 872 700 καλάμῃ
891 624 992 698 πυρῶν,

189 712 221 782 ἐξ
239 710 435 786 Ὑπερβορέων
455 709 599 786 φερόμενα
622 707 804 770 ἀπικνέεσθαι
824 713 855 772 ἐς
874 707 992 774 Σκύθας.

187 796 244 858 άπδ
260 798 291 857 δὲ
307 797 435 861 Σκυθέων
453 796 508 873 ἤδη
528 796 693 874 δεκομένους
713 797 767 856 αἰεὶ
786 796 853 860 τούς
873 799 993 872 πλησιο-

187 886 294 966 χάρους
315 884 457 954 ἑκάστους,
478 885 601 960 κομίζειν
622 882 694 943 αύτδ
714 883 747 944 τό
774 884 846 962 πρὸς
874 885 994 962 ἑσπέρης

189 972 333 1034 ἑκαστάτω
349 972 396 1032 ἐπὶ
407 971 458 1032 τδν
470 970 595 1049 Ἀδρίην·
616 968 742 1031 ἐνθεῦτεν
754 971 785 1030 δὲ
798 970 869 1049 πρός
884 997 994 1048 μεσαμ-

188 1062 274 1139 βρίην
280 1058 503 1138 προπεμπόμενα
515 1057 642 1137 πράτους
656 1059 836 1123 Δωδωναίους
846 1058 996 1134 Ἐλλήνων

189 1149 329 1210 δέκεσθαι·
350 1145 407 1207 ἆπδ
422 1147 453 1206 δέ
467 1145 573 1207 τούτων
594 1147 773 1222 καταβαίνειν
794 1146 841 1205 ἐπὶ
860 1145 914 1207 τόν
933 1151 995 1222 Μη

189 1240 254 1298 λιέα
274 1235 389 1307 κόλπον,
404 1233 450 1294 καὶ
468 1233 685 1312 διαπορεύεσθαι
705 1239 733 1297 ἐς
749 1232 888 1310 Εὔβοιαν·
911 1234 997 1295 πόλιν

189 1351 221 1386 τε
244 1330 272 1389 ἐς
293 1324 377 1385 πόλιν
395 1321 524 1400 πέμπειν,
544 1322 629 1400 μέχρι
650 1320 812 1400 Καρύστου
838 1320 874 1382 τδ
896 1320 922 1381 δ’
940 1321 997 1383 άπδ

189 1412 299 1489 ταύτης,
307 1414 431 1472 ἐκλιπεῖν
438 1409 569 1487 Ἀνδρον·
586 1410 763 1486 Καρυστίους
774 1408 830 1490 γάρ
845 1405 919 1469 εἶναι
931 1410 998 1474 τούς

191 1501 353 1577 κομίζοντος
366 1503 394 1561 ἐς
408 1501 508 1573 Τῆνον,
521 1496 638 1572 Τηνίους
651 1496 681 1556 δὲ
695 1500 723 1560 ἐς
737 1499 847 1572 Δῆλον.
881 1496 997 1558 ἀπικνέ-

191 1587 274 1646 εσθαι
288 1585 342 1663 μέν
353 1611 402 1646 νυν
414 1588 503 1645 ταῦτα
514 1583 552 1644 τά
566 1583 612 1661 ἱροὶ
625 1582 696 1644 οὕτω
709 1584 829 1664 λέγουσι
843 1589 872 1648 ἐς
886 1589 998 1660 Δῆλον·
1053 1647 1054 1654 ,

189 1676 299 1752 πρῶτον
315 1672 345 1732 δέ
362 1671 428 1736 τούς
445 1671 652 1749 Ὑπερβορέους
666 1671 777 1751 πέμψαι
793 1671 941 1750 φερούσας
961 1675 999 1735 τά
1053 1669 1054 1715 δ

190 1760 237 1838 ἱρά
253 1760 302 1820 δύο
318 1759 409 1838 κόρας,
421 1758 473 1823 τάς
488 1759 674 1836 ούνομάζουσι
690 1760 795 1835 Δήλιοι
810 1761 883 1821 εἶναι
895 1761 997 1841 Ὑπερ-

190 1848 260 1928 όχην
281 1872 313 1908 τε
334 1848 381 1907 καὶ
400 1846 551 1923 Λαοδίκην·
580 1845 640 1923 ἅμα
663 1846 817 1927 δὲούτῇσι
846 1847 999 1927 οἷσφαλέης
1052 1838 1053 1853 ’

159 1932 162 1939 ’
191 1938 292 1998 εἵνεκεν
303 1936 413 2015 πέμψαι
426 1934 491 1998 τοδς
502 1933 709 2011 Ὑπερβορέους
720 1939 776 1995 τῶν
783 1934 880 1997 α’στῶν
893 1936 999 2016 ἄνδρας

191 2025 274 2086 πέντε
290 2022 429 2104 πομπούς,
441 2020 557 2085 τούτους
571 2020 597 2080 οἳ
609 2025 658 2082 νῦν
671 2024 831 2100 Περφερέες
844 2024 999 2086 καλέονται
1051 2050 1052 2072 ³

190 2113 272 2192 τιμάς
284 2112 411 2195 μεγάλας
420 2115 450 2170 ἐν
460 2109 548 2189 Δήλῳ
561 2110 680 2189 ἔχοντες·
694 2111 754 2170 ἐπεὶ
765 2110 796 2170 δέ
804 2114 884 2171 τοῖσι
895 2111 998 2191 Ὑπερ-
1050 2174 1051 2193 3

190 2194 996 2278 βορέοισιτοδςάποπεμφθένταςόπίσωοόκάπονοστέειν,
1050 2196 1051 2252 λ

190 2287 266 2347 δεινοὶ
281 2287 459 2364 ποιευμένους
474 2289 500 2344 εἶ
515 2284 609 2361 σφέας
627 2284 680 2344 αἰεὶ
696 2284 914 2364 καταλάμψεται
926 2286 998 2348 άπο-

190 2376 363 2437 στέλλοντας
382 2372 425 2450 μή
446 2371 640 2443 ἀποδέκεσθαι,
665 2371 736 2434 οὕτω
755 2372 790 2449 δή
811 2375 997 2451 φέρονταςές
1049 2354 1050 2431 λ

191 2460 256 2522 τούς
269 2459 366 2537 ούρους
377 2460 414 2519 τά
427 2460 474 2535 ip&
487 2460 647 2537 ἐνδεδεμένα
660 2464 690 2520 ἐν
701 2465 796 2539 πυρῶν
809 2462 926 2541 καλάμῃ
935 2467 998 2528 τοῖς
1048 2480 1049 2483 ’

189 2546 398 2625 πλησιοχώροις
423 2547 606 2623 ἐπισκήπτειν
628 2548 791 2613 κελεύοντας
815 2551 998 2627 προπέμπειν

190 2636 269 2710 σφέα
292 2632 348 2694 άπδ
372 2636 478 2695 ἑωυτῶν
499 2639 527 2699 ἐς
548 2634 624 2696 ἄλλο
646 2636 733 2699 ἑθνος·
762 2636 809 2694 καὶ
829 2640 923 2697 ταῦτα
943 2640 997 2715 μὲν

191 2722 262 2783 οὕτω
276 2721 499 2801 προπεμπόμενα
515 2721 698 2784 ἀπικνέεσθαι
711 2722 830 2805 λέγουσι
842 2727 870 2786 ἐς
885 2727 997 2800 Δῆλον·

191 2810 254 2871 οἴδα
272 2810 302 2869 δὲ
318 2810 401 2873 οὗτός
419 2809 547 2871 τούτοισι
561 2814 639 2870 τοῖσι
653 2813 740 2887 ἱροῖσι
751 2809 816 2871 τόδε
827 2810 998 2889 ποιεύμενον

190 2899 361 2977 προσφερές·
376 2897 427 2961 τάς
439 2897 572 2977 Θρηϊκίας
582 2898 627 2956 καὶ
635 2898 685 2962 τοὶς
693 2898 997 2979 Παιονίδαςητιναῖκας,

191 2985 274 3046 ἐπεάν
296 2984 385 3045 θύωσι
404 2989 442 3063 τῇ
461 2983 604 3061 Ἀρτέμιδι
624 2988 661 3063 τῇ
683 2985 836 3065 Βασιληίῃ,
855 2985 909 3045 ούκ
928 2986 998 3048 άνευ

189 3074 283 3145 πυρῶν
296 3071 425 3147 καλάμης
440 3070 563 3133 θυούσας
577 3070 614 3130 τά
632 3071 687 3148 ἱρά.
729 3073 776 3133 καὶ
790 3076 879 3133 ταῦτα
892 3074 997 3151 μένδή

143 3151 182 3210 34
190 3153 253 3211 οἴδα
268 3155 371 3218 ταύτας
387 3156 530 3219 ποιεύσας.
563 3160 639 3235 Τῇσι
651 3157 681 3217 δὲ
693 3160 860 3237 παρθένοισι
871 3161 1000 3241 ταύτῃσι

190 3241 259 3314 τῇσι
276 3240 309 3307 ἐξ
325 3240 521 3319 ’Ὑπερβορέων
535 3244 766 3324 τελευτησάσῃσι
784 3250 814 3304 ἐν
827 3246 928 3327 Δήλῳ,
943 3248 1000 3307 κεί-
