2150 3500
162 109 209 153 ιιι
467 103 651 150 Ἡνοιουου
912 97 982 163 [IV.

166 184 213 243 καὶ
227 184 385 251 Καύκωνας,
398 181 513 244 τούτους
526 179 550 238 δ’
564 178 748 250 ἐξελάσαντες
762 184 793 238 ἐκ
806 181 861 253 τῆς
875 179 980 257 χώρης,

168 272 261 347 σφέας
275 271 373 332 αύτούς
386 270 417 338 ἐξ
429 269 528 345 μοίρας
542 269 656 327 διεῖλον·
678 266 725 324 καὶ
746 267 845 325 ἔπειτα
865 268 981 326 ἔκτισαν

164 359 267 422 πόλιας
274 358 361 417 τάσδε
375 363 403 417 ἐν
414 356 533 425 αύτοῖσι,
544 357 678 433 Λέπρεον,
689 353 854 423 Μάκιστον,
867 355 979 432 Φρίξας,

169 446 292 524 Πύργον,
306 445 416 514 Ἔπιον,
431 445 563 504 Νούδιον·
586 437 715 523 (τουτέων
737 442 835 504 δὲτὰς
856 446 979 513 πλεῦνας

116 587 120 594 ,
167 531 210 590 ἐπ’
230 534 294 607 ἐμέο
315 532 427 605 Ἠλεῖοι
448 532 634 611 ἐπόρθησαν)
654 534 690 608 τῇ
711 530 741 587 δὲ
763 530 844 607 νήσῳ
864 531 911 588 ἐπὶ
927 532 977 589 τοῦ

119 620 176 678 149
185 621 312 678 οἰκιστέω
328 619 407 695 Θήρα
424 620 443 693 ἦ
461 621 599 694 ἐπωνυμίη
614 619 732 698 ἐγένετο.
769 616 803 674 Ὁ
820 618 851 675 δέ
865 621 932 680 παῖς
945 616 977 676 ού

164 707 219 786 γάρ
227 708 282 782 ἔφη
293 711 320 766 οἱ
328 706 573 782 συμπλεύσεσθαι,
583 711 720 785 τοιγαρῶν
731 706 788 780 ἔφη
796 704 887 765 αύτὸν
895 730 976 763 κατα-

166 795 274 871 λείψειν
287 794 330 854 ὄῖν
343 799 372 853 ἐν
386 793 508 852 λύκοισι·
531 794 576 852 ἐπὶ
590 797 640 853 τοῦ
654 795 733 856 ἔπεος
750 791 978 868 τούτουούνομα

164 884 203 958 τῷ
222 882 357 960 νεηνίσκῳ
372 881 461 959 τούτῳ
478 880 626 942 Ὀϊόλυκος
649 882 769 960 ἐγένετο·
798 880 850 938 καί
870 905 925 942 κως
943 880 977 940 τά

166 968 273 1045 ούνομα
298 975 382 1029 τοῦτο
409 968 592 1044 ἐπεκράτησε.
632 967 783 1026 Ὀἳολύκου
811 967 843 1026 δὲ
869 969 977 1049 γίνεται
1054 1005 1057 1010 -

167 1058 274 1137 Αἰγεύς,
288 1056 345 1117 dmi
357 1061 408 1116 τοῦ
421 1057 548 1136 Αἰγεῖδαι
560 1059 708 1115 καλεῦνται
722 1055 802 1130 φυλὴ
816 1056 934 1136 μεγάλη
947 1062 978 1116 ἐν

166 1143 291 1222 Σπάρτη.
324 1148 400 1204 τοῖσι
414 1144 444 1203 δέ
457 1147 531 1222 ἐντῇ
545 1147 626 1224 φυλῇ
635 1143 721 1222 ταύτῃ
735 1142 858 1218 ἀνδράσι
872 1143 906 1202 ού
920 1144 975 1224 γάρ

164 1229 314 1307 ύπέμειναν
331 1232 367 1292 τὰ
386 1233 477 1300 τέκνα,
495 1230 645 1307 ἱδρύσαντο
663 1235 692 1288 ἐκ
709 1223 884 1306 θεοπροπίου
901 1230 974 1307 Ἐρι-

167 1317 238 1378 νύων
257 1323 312 1379 τῶν
331 1319 420 1378 Λαΐου
439 1343 470 1378 τε
491 1317 709 1376 καὶ·οἶδιπόδεω
732 1317 802 1394 ἱρόν·
831 1319 879 1376 καὶ
901 1318 975 1395 μετά

165 1410 248 1467 τοῦτο
257 1407 397 1483 ὑπέμεινε.
426 1404 516 1466 τολντδ
529 1409 612 1464 τοῦτο
627 1405 673 1463 καὶ
686 1410 715 1464 ἐν
728 1404 808 1482 Θήρῃ
821 1409 901 1465 τοῖσι
915 1405 974 1466 ἀπό

165 1498 221 1553 τῶν
233 1493 340 1570 ἀνδρῶν
351 1493 455 1554 τούτων
468 1491 612 1574 γεγονόσι.

120 1580 178 1636 150
229 1582 323 1657 Μέχρι
341 1581 455 1687 μένκνυν
467 1580 568 1640 τούτου
586 1579 739 1660 τοῦλόγου
752 1551 972 1657 Λακεδαιμόνιοι

166 1667 314 1741 Θηραίοισι
335 1693 406 1726 κατα
430 1665 519 1726 ταύτά
542 1668 670 1749 λέγουσι·
691 1666 724 1726 τδ
745 1667 775 1724 δέ
796 1666 854 1727 ἀπὸ
869 1667 972 1748 τούτου

164 1756 263 1829 μοῦνοι
278 1758 396 1830 Θηραῖοι
413 1753 465 1813 ὧδε
480 1756 614 1835 γενέσθαι
627 1754 756 1836 λέγουσι·
778 1759 879 1832 Γρῖνος
893 1756 909 1817 ἀ
923 1755 971 1817 Αἷ-

165 1839 272 1909 σανίου,
294 1840 344 1901 ἐιδν
361 1841 444 1917 Θήρα
462 1843 561 1902 τούτου
582 1841 720 1922 ἀπόγονος
741 1844 788 1901 καὶ
806 1844 973 1925 βασιλεύων

166 1926 259 2003 Θήρης
270 1931 320 2002 τῆς
333 1928 431 2004 νήσου,
444 1928 562 1988 ἀπίκετο
576 1934 604 1992 ἐς
615 1928 749 2004 Δελφούς
762 1928 837 2009 ἄγων
850 1930 908 1991 ἀπδ
920 1936 972 2009 τῆς

164 2014 265 2078 πόλιος
287 2016 457 2092 ἑκατόμβην·
488 2016 600 2075 εἵποντο
624 2016 656 2075 δέ
682 2019 708 2075 οἱ
736 2016 783 2075 καὶ
805 2016 892 2076 ἄλλοι
915 2024 972 2081 τῶν

165 2106 322 2180 πολιητέων
336 2106 383 2163 καὶ
400 2103 435 2179 δή
452 2103 499 2163 καὶ
517 2104 626 2167 Βάττος
645 2103 661 2163 ὁ
680 2104 904 2181 Πολυμνήστου,
920 2108 972 2167 ἐιδν

166 2190 246 2269 γένος
265 2190 424 2268 Εύθυμῶης
449 2194 505 2250 τῶν
530 2192 668 2251 Μινυέων·
702 2192 849 2271 χρεωμένῳ
877 2194 907 2251 δὲ
932 2201 972 2273 τῷ

166 2278 253 2357 Γρίνῳ
270 2281 309 2356 τῷ
323 2279 445 2355 βασιλέϊ
461 2281 515 2338 τῶν
533 2279 661 2354 Θηραίων
676 2279 741 2355 περὶ
762 2277 860 2339 ἀλλων
875 2286 935 2360 χρᾷ
952 2284 971 2358 ἡ

168 2366 262 2440 Πυθίη
275 2366 375 2435 κτίζειν
387 2370 417 2425 ἐν
428 2364 525 2443 Λιβύη
537 2365 631 2425 πόλιν·
649 2365 666 2427 ἀ
679 2366 709 2425 δὲ
722 2365 858 2443 ἀμείβετο
866 2369 970 2449 λέγων·

165 2450 245 2530 “ἐγιδ
258 2454 317 2526 μὲν,
333 2451 413 2520 ὦναξ,
426 2452 621 2532 πρεσβύτερός
632 2479 664 2513 τε
677 2452 731 2529 ἤδη
749 2454 805 2529 εἰμὶ
819 2456 866 2513 καὶ
878 2456 972 2533 βαρύς

165 2536 317 2613 ἀείρεσθαι·
342 2537 379 2597 σι)
399 2537 432 2597 δέ
449 2564 512 2597 τινα
531 2541 618 2600 τῶνδε
639 2545 694 2601 τῶν
714 2542 852 2618 νεωτέρων
873 2547 972 2605 κέλευε

164 2628 253 2685 ταῦτα
271 2624 401 2685 ποιέειν.”
435 2625 494 2703 ἅμα
514 2654 546 2687 τε
570 2630 649 2709 ἔλεγε
666 2632 757 2689 ταῦτα
780 2629 827 2689 καὶ
851 2624 972 2691 ἐδείκνυε
1051 2624 1052 2627 ¹

165 2718 194 2776 ἐς
209 2712 259 2773 τάν
275 2712 394 2774 Βάττον.
427 2713 492 2775 τότε
504 2716 556 2791 μὲν
569 2721 708 2777 τοσαῦτα.
741 2717 814 2794 μετὰ
828 2718 867 2786 δὲ,
882 2717 970 2779 ἀπελ-

165 2800 260 2866 θόντες
275 2800 395 2883 ἀλογίην
411 2802 488 2881 εἶχον
502 2806 553 2862 τοῦ
572 2803 756 2881 χρηστηρίου,
773 2803 837 2864 οὔτε
857 2806 971 2883 Λιβύην

165 2888 266 2952 εἰδότες
277 2889 344 2948 ὅκου
356 2895 410 2969 γῆς
423 2892 464 2965 εἴη
475 2889 537 2949 οὔτε
550 2895 709 2967 τολμῶντες
719 2898 746 2956 ἐς
756 2892 862 2967 ἀφανὲς
871 2899 970 2971 χρῆμα

116 2973 172 3029 151
182 2973 372 3035 ἀποστέλλειν
381 2976 520 3051 ἀποικίην.
554 2976 645 3038 Ἑπτά
658 2979 689 3037 δέ
703 2981 785 3039 ἐτέων
797 2980 869 3055 μετά
881 2986 969 3041 ταῦτα

165 3056 214 3115 ούκ
234 3058 266 3117 ὗε
281 3060 334 3134 τήν
352 3063 455 3137 Θήρην·
483 3067 513 3122 ἐν
531 3067 608 3123 τοῖσι
624 3066 660 3124 τὰ
676 3067 788 3142 δένδρεα
804 3067 897 3127 πάντα
913 3076 967 3144 σφι

160 3141 198 3196 τά
215 3148 245 3200 ἐν
256 3149 293 3219 τῇ
307 3145 384 3223 νήσῳ
399 3148 476 3223 πλήν
490 3148 550 3211 ἔνδς
564 3150 711 3227 ἐξαυάνθη·
732 3156 920 3231 χρεωμένοισι
938 3157 967 3215 δὲ

160 3226 239 3283 7οἳοι
258 3232 408 3304 Θηραίοισι
427 3235 569 3311 προέφερε
588 3236 608 3312 ἡ
624 3240 719 3315 Πυθίη
735 3239 788 3315 τήν
806 3245 833 3303 ἐς
855 3242 968 3320 Λιβύην
