2150 3500
125 108 266 190 ιιι-ιιι]
412 123 654 176 monzun..
875 128 924 176 ιιι

123 204 268 287 έπιχιύριοι
280 207 361 266 εἶναι·
390 205 437 264 ἐπὶ
448 204 550 266 τούτου
562 209 613 266 τοῦ
631 208 726 283 οὔρεος
743 209 770 266 οἶ
786 207 925 283 ἄνθρωποι

122 293 203 355 οῦτοι
215 293 353 372 ἐπώνυμοι
366 294 503 375 ἐγένοντο·
524 294 673 354 καλέονται
685 293 740 375 γοὶρ
755 292 789 368 δι)
802 293 923 354 Ἀτλαν-

120 407 179 446 τες·
199 383 331 464 λέγονται
348 382 378 441 δὲ
393 381 457 443 οῦτε
472 381 599 460 ἔμψυχον
612 381 690 443 οὐδὲν
703 381 849 442 σιτέεσθαι
862 379 930 443 οῦτεΙ

124 469 238 530 ε’νύπνια
251 471 329 547 ὀρᾶν.

164 559 260 638 Μέχρι
272 561 324 634 μὲν
336 557 371 634 δὴ
383 561 439 618 τῶν
449 557 610 617 Ἀτλάντων
620 554 732 628 τούτων,
746 557 799 637 έχω
811 556 847 617 τοὶ
860 555 905 618 οῦ-
915 559 972 628 185

122 644 232 722 νάματα
244 646 337 706 τῦνὶν
348 649 385 725 τῇ
398 644 491 724 ὀφρύη
504 646 707 721 κατοικημένων
718 645 878 715 καταλέξαι·
890 645 924 707 ro*

122 733 147 793 δ’
162 734 219 794 ὀπό
238 733 352 804 τούτων,
368 733 469 793 αῦκέτι·
490 732 578 808 διήκει
598 732 621 792 δ’
637 732 674 792 ὧν
691 733 710 809 ἦ
729 732 822 810 ὀφρύη
840 734 924 812 μέχρι

121 820 265 898 “Ηρακληῆ
283 848 300 882 ν
319 821 455 898 στηλέων,
473 820 520 878 καὶ
534 820 569 880 τό
587 821 637 890 ἔξω
657 822 784 880 τουτέων·
812 822 873 881 ἔστι
894 821 925 881 δὲ

121 907 193 973 άλός
210 935 242 970 τε
261 910 406 987 μέταλλον
420 913 450 968 ἐν
465 907 536 986 αὐτῇ
555 907 601 968 διαὶ
621 907 686 966 δέκα
704 907 828 984 ἡμερέων
846 907 922 979 ὀδοῦ,

122 996 170 1056 καὶ
185 995 326 1075 ἅνθρωποι
346 999 490 1059 οἰκέοντες·
510 995 547 1055 τά
564 995 594 1060 δὲ
614 995 687 1054 οἰκία
703 993 832 1054 τούτοισι
850 999 924 1054 πᾶσι

121 1089 154 1144 ε’κ
165 1089 221 1144 τῶν
233 1085 336 1145 ἁλίνων
347 1084 471 1164 χόνδρων
481 1082 686 1159 οἰκοδομέαται·
700 1085 789 1144 ταῦτα
800 1081 856 1163 γάρ
869 1082 923 1160 ἤδη

120 1175 172 1247 τῆς
183 1171 294 1248 Λιβύης
306 1170 438 1250 ὀνομβρά
451 1176 523 1233 ἔστι·
540 1169 572 1230 οῦ
580 1171 636 1251 γοὶρ
646 1167 680 1233 ἂν
688 1169 821 1246 ἠδυνέατο
829 1171 922 1248 μένειν

121 1263 150 1320 οἳ
166 1264 258 1339 τοῖχοι
276 1260 367 1324 ε’ὀντες
381 1259 482 1330 ἅλινοι,
499 1263 524 1319 εἰ
542 1256 583 1318 ῦε.
610 1257 633 1320 ὀ
647 1259 677 1318 δὲ
693 1257 746 1321 ἃλς
762 1257 860 1320 αὐτόθι
875 1259 922 1318 καὶ

120 1347 221 1411 λευκός
235 1348 283 1407 καὶ
298 1347 458 1426 πορφύρεος
469 1346 503 1407 τό
520 1346 592 1409 εἶδος
605 1345 768 1424 ὀρύσσεται.
801 1345 871 1423 ῦπὲρ
891 1347 922 1428 δὲ

119 1439 172 1512 τῆς
183 1435 290 1513 ὀφρύης
302 1435 411 1512 ταύτης,
421 1435 455 1497 τό
468 1433 539 1512 πρός
552 1434 633 1496 νότον
643 1434 689 1497 καὶ
701 1432 859 1514 μεσόγαιαν
871 1438 922 1510 τῆς

119 1522 239 1598 Λιβύης,
247 1528 350 1600 ἔρῆμος
362 1524 409 1584 καὶ
420 1515 536 1600 ἄνυδρος
550 1523 596 1582 καὶ
605 1521 711 1598 Ιὀίθηρος
719 1522 765 1604 καὶ
778 1520 922 1598 ἄνομβρος

120 1610 168 1669 καὶ
188 1610 290 1679 άξυλός
308 1615 369 1672 ἔστι
386 1611 406 1688 ἦ
425 1610 514 1691 χάρη·
534 1611 581 1670 καὶ
602 1610 717 1688 ἰκμάδος
733 1609 795 1670 ἐστὶ
808 1613 837 1670 έν
850 1606 921 1688 αύτῇ

119 1696 210 1757 οὐδέν.
436 1750 444 1757 ,Δ

162 1784 242 1846 Οὕτω
260 1788 313 1863 μὲν
326 1788 411 1865 μέχρι
428 1790 479 1864 τῆς
495 1787 657 1865 Τριτωνίδος
672 1788 775 1864 λίμνης
790 1784 839 1847 ἀπ’
851 1788 901 1846 Αῑ-
910 1785 968 1845 186

117 1872 227 1954 γύπτου
239 1873 356 1951 νομάδες
370 1874 427 1960 εἰσί
438 1876 594 1956 κρεοφάγοι
606 1900 637 1937 τε
651 1876 697 1935 καὶ
709 1873 922 1957 γαλακτοπόται

117 1962 234 2038 Λίβυες·
255 1962 302 2021 καὶ
319 1962 427 2036 θηλέων
445 1987 477 2021 τε
492 1964 572 2037 βοῶν
590 1961 623 2021 οὔ
640 1987 668 2021 τι
682 1962 836 2042 γευόμενοι,
850 1960 922 2021 διότι

118 2074 176 2125 περ
190 2049 253 2107 οὐδὲ
268 2047 427 2128 Αἰγύπτιοι·
447 2048 494 2106 καὶ
506 2047 538 2110 ῦς
551 2073 584 2106 ου
596 2048 755 2125 τρέφοντες·
775 2048 855 2123 βοῦν
867 2047 920 2124 μέν

118 2160 168 2197 νυν
188 2135 297 2211 θηλέων
317 2134 374 2193 οόδ’
395 2138 427 2195 αἱ
453 2134 616 2210 Κυρηναίων
639 2136 767 2214 γυναῖκες
787 2133 923 2195 δικαιεῦσι

116 2223 283 2293 πατέεσθαι,
302 2220 347 2281 διό
367 2221 420 2298 τὴν
435 2226 465 2281 έν
484 2220 617 2301 Αἰγύπτῳ
628 2220 711 2291 Ἶσιν,
724 2220 803 2281 ὀλλό
816 2220 862 2279 καὶ
875 2243 921 2297 νη-

118 2310 215 2373 στείας
233 2309 303 2389 αὐτῇ
323 2309 370 2369 καὶ
385 2308 469 2386 ὀρτός
484 2309 671 2370 ἐπιτελέουσι·
692 2310 722 2368 αἶ
738 2308 768 2367 δὲ
780 2311 835 2369 τῶν
848 2314 921 2386 Βαρ-

97 2391 99 2394 ’
118 2399 203 2459 καίων
219 2400 347 2479 γυναῖκες
366 2397 431 2457 οῦδὲ
445 2396 501 2457 ῦιῦν
513 2396 584 2474 πρός
598 2399 667 2475 τῇσι
680 2396 770 2473 βουσὶ
782 2393 920 2478 γεύονται·

117 2490 207 2547 ταῦτα
224 2487 276 2563 μὲν
292 2485 327 2561 δη
348 2484 418 2545 οὕτω
431 2486 499 2565 ἔχει.
532 2484 573 2545 To*
587 2484 617 2543 δὲ
629 2483 701 2561 πρός
712 2484 835 2561 ἑσπέρης
851 2482 966 2559 τῆς187

117 2573 283 2652 Τριτωνίδος
299 2574 401 2651 λίμνης
420 2572 513 2635 οὐκέτι
527 2573 645 2651 νομάδες
661 2574 717 2635 εἶσὶ
729 2574 844 2651 Λίβυες,
858 2572 922 2633 οῦδέ

117 2661 232 2739 νόμοισι
247 2666 324 2724 τοῖσι
344 2662 457 2723 αότοῖσι
473 2661 637 2740 χρεώμενοι,Ι
649 2661 712 2724 οὐδὲ
725 2660 797 2722 κατιὶ
808 2660 845 2722 τοὶ
857 2685 920 2719 παι-

72 2802 74 2805 ⁴
118 2750 165 2809 δία
180 2754 322 2816 ποιεῦντες
340 2750 401 2811 οἶόν
412 2777 442 2811 τι
454 2750 501 2809 καὶ
514 2752 542 2809 οἱ
554 2746 671 2825 νομάδες
689 2748 794 2809 ἐώθασι
806 2748 920 2807 ποιέειν·

118 2840 145 2897 οἱ
161 2837 217 2916 γάρ
235 2838 270 2914 δὴ
285 2843 341 2900 τῶν
359 2838 476 2915 Λιβύων
489 2836 616 2914 νομάδες,
629 2838 668 2912 (εἰ
682 2836 735 2912 μὲν
746 2834 856 2905 πάντες,
869 2834 926 2919 οῦκΙ

118 2925 172 3004 έχω
192 2924 324 3002 ἀτρεκέως
340 2930 425 2987 τοῦτο
437 2924 535 3006 εἶπαι)
547 2926 661 2984 ποιεῦσι
674 2923 704 2983 δὲ
716 2921 807 2987 αὐτῶν
819 2922 921 3002 συχνοὶ

119 3011 220 3072 τοιάδε·
240 3018 296 3073 τῶν
308 3012 423 3073 παιδίων
434 3017 490 3074 τῶν
503 3012 656 3090 σφετέρων,
670 3010 754 3073 ε’πεόν
772 3011 920 3089 τετραέτεα

119 3100 240 3180 γένηται,
256 3100 345 3177 οἴσπῃ
363 3100 515 3177 προβάτων
528 3100 641 3161 καίουσι
653 3098 703 3163 τός
716 3104 746 3160 ε’ν
758 3101 828 3177 τῇσι
841 3124 920 3176 κορυ-

118 3188 195 3263 φῇσι
217 3186 342 3262 φλέβας·
367 3187 540 3265 μετεξέτεροι
560 3188 590 3247 δὲ
610 3186 708 3258 αὐτῶν,
724 3186 775 3251 τὰς
796 3191 825 3247 έν
842 3189 920 3247 τοῖσι

117 3271 297 3349 κροτάφοισι·
317 3274 400 3335 τοῦδε
413 3274 511 3346 εἵνεκα,
522 3274 559 3341 οἷς
570 3273 612 3353 μή
625 3280 718 3352 σφεας
730 3279 758 3340 ε’ς
769 3272 821 3338 τόν
827 3273 920 3337 πάντα
