2150 3500
103 123 184 189 2-6]
444 126 578 177 οκλιιιι.
861 128 907 177 τοι

104 207 135 263 οἱ
145 202 245 280 Φάνης,
258 204 304 265 καὶ
316 204 429 285 γνώμην
439 205 531 270 ἱκανάς
545 206 591 265 καὶ
599 204 635 266 τά
645 206 770 284 πολέμια
780 204 909 283 ἄλκιμος·

105 289 188 353 οὗτος
196 290 212 351 ὁ
221 290 313 368 Φάνης
321 293 502 369 μεμφόμενός
512 292 563 353 κού
571 319 599 354 τι
608 293 724 370 Ἀμάσι,
735 294 909 370 ἐκδιδρήσκει

105 380 198 458 πλοίῳ
214 380 245 449 ἐξ
257 380 401 461 Αἰγύπτου
418 381 595 458 βουλόμενος
613 381 762 459 Καμβύσῃ
775 383 867 441 ἐλθεῖν
883 387 911 446 ε’ς

104 465 220 547 λόγους·
248 468 294 527 οἶα
318 468 347 527 δὲ
372 467 452 528 ε’άντα
475 468 560 529 αύτόν
584 474 613 529 ε’ν
635 473 713 529 τοῖσι
737 468 911 545 ἐπικούροισι

105 552 197 635 λύγου
215 554 247 613 οὗ
260 560 379 633 σμικροῦ
394 556 580 632 ἐπιστάμενόν
592 582 625 616 τε
640 556 676 616 τά
689 558 754 633 περὶ
766 557 910 637 Αἴγυπτον

105 639 297 719 ἀτρεκέστατα
312 642 473 720 μεταδιώκει
491 643 507 703 ά
522 643 656 720 Ἄμασις,
673 644 801 719 σπουδήν
816 644 908 704 ποιεύ-

104 754 190 807 μενος
202 734 284 791 ἑλεῖν·
302 731 464 808 μεταδιώκει
477 732 515 801 δὲ,
529 736 585 792 τῶν
599 731 734 811 εὐνούχων
746 731 797 792 τάν
808 732 908 792 πιστά·

104 841 192 878 τατον
208 817 380 882 οἶτοστειλας
397 818 503 895 τριήρεϊ
521 819 580 879 κατ’
594 818 687 880 αύτύν·
708 819 740 883 ὃς
756 820 842 897 αἱρέει
859 846 909 896 μιν

106 908 137 963 ἓν
149 906 331 983 Λυκίη,,ἔλών
344 906 374 965 δὲ
390 905 440 965 ούκ
458 905 582 989 άνήγαγε
598 912 626 970 ές
642 908 793 988 Αἴγυπτον·
814 908 907 986 σοφίη

103 990 163 1072 γάρ
180 1018 229 1069 μιν
245 995 381 1071 περιῆλθε
399 993 415 1053 ὁ
433 992 533 1070 Φάνης·
556 994 752 1071 καταμεθύσας
771 994 827 1076 γάρ
843 995 910 1059 τοδς

105 1078 253 1155 φυλάκους
270 1074 477 1142 ἀπαλλάσσετο
499 1087 526 1145 ἒς
547 1082 672 1158 Πέρσας.
707 1081 859 1161 ώρμημένῳ
877 1082 907 1143 δὲ

106 1167 312 1244 στρατεύεσθαι
326 1168 474 1247 Καμβύσῃ
488 1168 530 1228 ἐπ’
545 1169 689 1249 Αἴγυπτον
702 1170 749 1227 καὶ
761 1168 910 1247 άπορέοντι
935 1206 941 1216 ·

105 1253 161 1329 τὴν
183 1256 289 1326 ἔλασιν,
314 1256 383 1320 ὅκως
405 1256 458 1332 την
480 1254 599 1333 ἄνυδρον
622 1256 761 1336 διεκπερᾷ,
783 1257 909 1317 ἐπελθών

108 1342 210 1419 φράζει
237 1345 289 1421 μὲν
318 1346 364 1403 καὶ
394 1343 489 1403 τάλλα
522 1344 559 1404 τά
588 1342 728 1421 Ἀμάσιος
756 1343 908 1425 πρήγματα

108 1430 251 1511 ἐξηγέεται
267 1432 296 1491 δὲ
318 1434 364 1491 καὶ
384 1432 437 1508 την
457 1433 565 1505 ἔλασιν,
585 1431 637 1493 ὧδε
653 1432 817 1510 παραινέων·
837 1432 906 1508 πέμ·

108 1525 202 1595 ψαντα
227 1518 305 1597 παρά
332 1519 381 1581 τάν
404 1518 548 1598 Ἀραβίων
573 1522 702 1598 βασιλέα
726 1520 839 1580 δέεσθαι
858 1519 912 1596 τήν

107 1604 232 1673 διέξοδόν
252 1610 280 1667 οἱ
297 1606 433 1684 οἷσφαλέα
449 1612 619 1689 παρασχεῖν.
660 1607 761 1687 Μούνῃ
777 1608 807 1667 δὲ
824 1607 937 1686 τούτη5

109 1694 166 1754 εἶσὶ
177 1696 296 1774 φανεραὶ
306 1696 430 1773 ἐσβολαὶ
443 1700 471 1760 ές
481 1698 634 1780 Αἴγυπτον·
648 1695 706 1758 άτδ
718 1696 773 1778 γάρ
783 1696 912 1772 Φοινίκης

107 1782 193 1861 μέχρι
214 1782 301 1862 ούρων
323 1789 378 1845 τῶν
402 1784 540 1850 Καδύτιος
560 1785 668 1856 πόλιος,
689 1784 710 1861 ἢ
731 1786 793 1845 ἐστὶ
816 1783 912 1862 Σύρων

84 1893 85 1896 ’
107 1874 164 1932 τῶν
184 1876 384 1934 Παλαιστινοῖν
411 1874 595 1951 καλεομένων·
628 1872 686 1932 άπδ
707 1873 737 1932 δὲ
764 1871 911 1942 Καδύτιος,

108 1956 211 2036 ἐούσης
229 1959 331 2024 πόλιος
346 1960 395 2042 (ώς
415 1961 478 2037 ε’μοὶ
496 1960 597 2039 δοκέει)
617 1960 740 2038 Σαρδίων
759 1960 792 2018 ού
811 1963 913 2039 πολλῷ

108 2045 276 2118 ἐλάσσονος,
287 2046 344 2108 άπὸ
357 2047 459 2124 ταύτης
471 2047 507 2108 τά
522 2049 642 2126 ε’μπάρια
653 2048 689 2109 τά
703 2049 748 2107 ε’τὶ
762 2048 913 2122 θαλάσσης

107 2134 193 2214 μέχρι
213 2133 341 2212 Ἰηνύσου
361 2135 461 2200 πόλιός
485 2140 548 2195 ε’στι
567 2140 617 2195 τοῦ
636 2135 783 2212 Ἀραβίου·
804 2133 861 2194 άπὸ
882 2135 912 2193 δὲ

106 2220 246 2298 Ἰηνύσου,
274 2223 350 2288 αὖτις
376 2222 471 2301 Σύρων
491 2224 577 2302 μέχρι
604 2222 778 2301 Σερβωνίδος
791 2223 907 2298 λίμνης,

108 2309 175 2387 παρ’
187 2310 223 2386 ἣν
236 2311 270 2387 δὴ
282 2312 315 2372 τά
330 2309 442 2370 Κάσιον
455 2309 519 2387 ὄρος
536 2312 619 2371 τείνει
632 2316 660 2375 ἔς
673 2311 833 2372 θάλασσαν·
854 2309 912 2370 α’πδ

108 2397 139 2456 δὲ
161 2399 335 2476 Σερβωνίδος
355 2399 465 2475 λίμνης,
484 2403 514 2458 ε’ν
532 2403 569 2476 τῇ
590 2399 625 2475 δη
646 2399 732 2479 λόγος
752 2399 803 2459 τάν
824 2397 912 2474 Τυφιιλ

109 2486 272 2564 κεκρύφθαι,
284 2485 340 2546 άπδ
353 2485 455 2562 ταύτης
468 2485 521 2562 ἤδη
534 2487 685 2568 Αἴγυπτος.
712 2487 746 2548 τά
760 2487 794 2564 δη
807 2486 912 2563 μεταξύ

108 2572 237 2650 Ἰηνύσου
250 2573 350 2638 πόλιος
367 2574 414 2633 καὶ
432 2575 545 2634 Κασίου
562 2600 594 2636 τε
611 2575 706 2654 ούρεος
722 2576 768 2635 καὶ
782 2579 833 2651 τῆς
845 2576 912 2650 Σερ·

108 2661 229 2738 βωνίδος
247 2664 356 2739 λίμνης,
376 2662 422 2722 ε’ὁν
437 2665 520 2722 τοῖιτο
541 2661 592 2722 ούκ
609 2663 708 2746 ὀλίγον
726 2663 829 2742 χωρίον
846 2659 912 2720 ἀλλ’

109 2748 181 2810 ὅσον
193 2775 224 2809 τε
237 2750 283 2809 ε’πὶ
295 2753 368 2827 τρεῖς
385 2748 491 2828 ἡμέρας
509 2749 585 2820 άδδν,
602 2749 719 2828 ἄνυδρόν
736 2755 798 2810 ε’στι
811 2748 912 2810 δεινῶς.

108 2835 149 2897 Τά
182 2837 212 2897 δὲ
240 2836 334 2920 ὀλίγοι
370 2841 426 2898 τῶν
459 2843 487 2903 ἒς
515 2839 658 2918 Αἴγυπτον
688 2834 939 2911 ναυτιλλομένωνδ

109 2923 283 2996 ἐννενώκασι,
304 2929 388 2987 τοῦτο
414 2926 531 3006 ἔρχομαι
555 2924 683 3003 φράσων·
718 2929 746 2986 ἐς
769 2923 913 3002 Αἴγυπτον

109 3018 142 3073 ἐκ
168 3018 219 3090 τῆς
244 3013 385 3078 Ἑλλάδος
411 3013 514 3090 πάσης,
543 3015 590 3073 καὶ
615 3013 694 3090 πρός,
718 3015 749 3070 ε’κ
775 3008 913 3082 Φοινίκης,

110 3101 230 3178 κέραμος
251 3101 383 3182 ἐσάγεται
398 3101 509 3178 πλήρης
530 3101 606 3160 οίνου
628 3101 669 3162 δὶς
689 3101 740 3158 τοῦ
761 3097 835 3158 ἔτεος
853 3093 913 3153 έκά-

110 3215 192 3264 στορ·
227 3190 273 3248 καὶ
300 3191 329 3250 ἓν
355 3187 488 3267 κεράμιον
516 3187 628 3265 οίνηρδν
652 3186 761 3265 ἀριθμῷ
786 3183 912 3260 κείμενον

108 3274 163 3336 ούκ
177 3276 238 3336 ἔστι
254 3275 302 3358 (οῖς
315 3275 393 3358 λόγῳ
410 3276 507 3354 εἰπεῖν)
522 3275 645 3336 ἰδέσθαι.
682 3276 732 3335 κοῦ
745 3273 825 3350 δῆτα,
840 3270 914 3330 ε’ίποι

1003 3392 1040 3416 Δ

964 3434 1060 3482 Δ-
