2150 3500
164 75 216 125 ατο
477 74 662 125 Ἧνοιοτιντ
713 61 716 65 ’
906 70 975 135 [m
1010 108 1015 117 .

166 149 235 228 ε’μός
245 177 277 212 τε
289 157 356 217 παῖς
368 179 415 213 και
404 151 621 231 Κορίνθου
583 177 635 228 της
648 149 810 229 &moros
822 150 977 227 βασιλεὺς,

165 238 275 315 ἀλήτην
293 242 361 316 βίον
381 239 495 300 εἶλευ’
476 240 663 300 αντιστατέων
678 264 710 301 τε
726 239 774 297 καὶ
792 238 869 319 ὀργῇ
887 238 977 317 χρεώ·

166 352 250 404 μενος
267 332 295 391 ές
314 326 364 389 τόν
379 353 415 387 σε
417 326 545 437 ’,ἥκιστα
553 330 648 433 ε’χρῆν·
669 331 694 387 εἶ
704 325 765 438 γάρ
775 352 819 389 τις
819 326 981 438 συμφρρι)

168 419 198 475 ἔν
214 415 326 477 αὐτοῖσι
344 414 470 496 ἐγεγόνεε
483 412 545 486 ἐξ
526 441 560 491 ης
573 414 725 494 θποψίην’
712 440 739 477 ες
752 415 803 491 ἐμὲ
817 415 902 492 ἔχεις,
917 415 981 491 ε’μοί

168 527 199 562 τε
213 502 283 579 αὕτη
296 504 394 585 γέγονε
408 503 454 562 καὶ
468 502 523 584 ἐγώ
537 502 623 578 αὖτῆς
633 501 667 563 τό
680 505 771 562 πλεῶν
782 502 910 580 μέτοχός
924 506 980 578 εἰμι

169 590 229 671 ὅσῳ
250 590 333 655 οὗτός
355 596 416 668 σφε
442 590 648 673 ἐξεργασάμην·
675 589 713 650 αὖ
739 589 770 648 δὲ
793 590 896 665 μαθών
921 589 980 669 ὅσῳ
1047 653 1049 661 ὲ

170 680 342 753 φθονέεσθαι
368 679 492 756 κρέσσον
518 675 622 754 ε’στὶῆ
649 678 844 755 οἰκτείρεσθαι,
867 676 932 753 ἅμα
949 704 981 738 τε
1047 719 1048 754 γ

169 765 264 827 ὁκοῖόν
275 791 304 828 τι
320 772 347 831 ἔς
362 767 427 831 τούς
438 766 536 831 τοκέας
550 766 596 826 καὶ
610 770 637 829 ές
649 765 715 831 τοδς
727 766 888 843 κρέσσονας
900 767 981 827 τεθυ-

169 854 292 931 μῶσθαι,
306 854 386 916 ἄπιθι
400 860 427 919 ές
439 854 475 915 τά
488 853 588 915 οἶκία·”
608 852 779 931 Περίανδρος
786 856 841 929 μὲν
849 852 981 914 τοώτοισι

171 940 256 1002 αὐτόν
276 943 483 1020 κατελάμβανε·
504 942 521 1003 6
535 943 566 1002 δὲ
578 941 653 1002 ἀλλο
667 944 720 1018 μὲν
733 940 981 1018 οὔδὲνιῖμείβεται

170 1028 220 1089 τόν
235 1031 351 1107 πατέρα,
366 1030 422 1107 ἔφη
435 1031 467 1091 δέ
477 1056 527 1107 μιν
541 1029 604 1107 ἱρὴν
616 1029 718 1107 ζημίην
730 1028 860 1103 ὀφείλειν
872 1032 915 1107 τῷ
928 1029 981 1107 θεῶ
1049 1029 1050 1038 ’

171 1119 261 1197 ἑωυτῷ
274 1123 301 1183 ἐς
314 1117 417 1199 λόγους
429 1118 608 1195 ἀπικόμενον·
623 1116 721 1193 μαθών
730 1117 760 1177 δὲ
772 1116 790 1177 6
802 1117 982 1194 Περίανδρος

172 1204 208 1269 ὦς
224 1205 331 1285 ἄπορόν
345 1230 375 1266 τι
389 1205 423 1267 τῶ
440 1206 525 1266 κακόν
538 1207 581 1282 εἴη
599 1209 651 1266 τοῦ
663 1204 762 1268 παιδδς
774 1204 822 1264 καὶ
835 1203 981 1281 ἀνίκητον,

172 1295 205 1365 ἐξ
222 1294 380 1373 ὀφθαλμῶν
398 1320 448 1373 μιν
470 1293 668 1372 ἀποπέμπεται
687 1293 804 1355 στείλας
821 1296 932 1353 πλοῖον
953 1298 981 1356 ἔς

172 1383 326 1461 Κέρκυραν·
347 1382 494 1460 ἐπεκράτεε
505 1381 562 1461 γάρ
576 1382 624 1441 καὶ
634 1381 745 1457 ταύτης·
761 1380 941 1444 ἀποστείλας
950 1381 982 1441 δὲ
1033 1433 1036 1436 ,

170 1474 270 1532 τοῦτον
289 1471 305 1531 6
325 1470 504 1549 Περίανδρος,
519 1468 702 1549 ε’στρατεόετο
720 1469 765 1529 ἐπὶ
776 1469 827 1529 τάν
838 1468 982 1546 πενθερόν

172 1558 306 1634 Προκλέα
327 1556 364 1621 ῶς
385 1561 441 1619 τῶν
464 1558 624 1636 παρεόντων
646 1560 675 1618 οἶ
699 1557 872 1639 πρηγμάτων
894 1557 981 1618 ἐόντα

170 1643 342 1705 αἰτιώτατον·
370 1646 417 1704 καὶ
438 1645 494 1704 εἷλε
513 1647 567 1723 μὲν
588 1645 641 1721 τήν
662 1643 837 1722 Ἐπίδαυρον,
863 1644 926 1705 εἷλε
949 1646 981 1705 δὲ

122 1731 163 1791 53
172 1729 256 1793 αὖτδν
269 1732 413 1809 Προκλέα·
435 1733 495 1815 [καὶ
508 1732 672 1817 ἐζώγρησε]
704 1731 783 1794 Ἐπεὶ
793 1732 830 1807 δὲ,
844 1738 897 1794 τοῦ
909 1733 980 1813 χρό-

171 1845 221 1879 νου
240 1820 453 1897 προβαίνοντος,
472 1821 490 1882 ὅ
508 1847 541 1882 τε
561 1821 732 1900 Περίανδρος
747 1821 916 1900 παρηβήκεε
932 1825 980 1882 καὶ

140 1951 144 1957 -
173 1907 392 1990 συνεγινώσκετο
409 1911 499 1988 ἑωυτῷ
517 1908 609 1970 οὖκέτι
627 1910 697 1970 εἶναι
709 1909 824 1972 δυνατός
834 1909 874 1970 τά
885 1910 979 1991 πρήγ·

171 2022 247 2074 ματα
261 1999 365 2075 ἐπορᾶν
376 2023 407 2059 τε
421 1998 467 2057 καὶ
477 1997 588 2068 διέπειν,
598 1999 712 2076 πέμψας
725 2003 752 2062 ές
763 1997 817 2072 την
827 1999 980 2075 Κέρκυραν

172 2085 312 2148 ἀπεκάλεε
331 2085 381 2147 τάν
394 2085 566 2164 Λυκόφρονα
578 2086 624 2146 ε’πὶ
636 2085 689 2161 τήν
700 2085 856 2162 τυραννίδα·
878 2091 909 2146 ἐν
921 2087 979 2167 γάρ

174 2173 209 2250 δὴ
225 2179 264 2254 τῷ
280 2176 464 2254 πρεσβυτέρῳ
478 2177 537 2238 ,τῶν
550 2173 655 2234 παιδων
669 2172 720 2234 οὐκ
732 2173 841 2250 ε’νεώρα,
856 2173 940 2234 ἀλλά
951 2180 979 2236 οἱ

173 2263 355 2339 κατεφαίνετο
374 2263 444 2323 εἶναι
461 2262 640 2339 νωθέστερος·
660 2260 678 2322 6
694 2262 725 2321 δὲ
740 2260 899 2339 Λυκόφρων
912 2262 978 2324 οθδὲ

172 2348 334 2427 ἀνακρίσιος
346 2350 450 2426 ἠξίωσε
461 2349 512 2410 τόν
524 2351 648 2428 φέροντα
659 2349 711 2427 την
723 2350 869 2432 ἀγγελίην.
890 2353 977 2429 Περί-

172 2435 269 2513 ανδρος
289 2436 319 2495 δὲ
340 2437 536 2515 περιεχόμενος
559 2441 608 2498 τοῦ
631 2440 749 2514 νεηνίεω,
770 2438 886 2516 δειίτερα
907 2439 977 2500 ἀπέ·

172 2526 268 2582 στειλε
287 2521 329 2581 ἐπ’
343 2523 428 2584 αι’ντδν
440 2523 493 2600 τήν
510 2524 653 2601 α’δελφεῆν
668 2529 769 2586 ἑωυτοῦ
782 2526 812 2584 δὲ
825 2527 977 2608 θυγατέρα,

172 2609 273 2670 δοκέων
284 2636 333 2688 μιν
344 2609 474 2688 μάλιστα
480 2612 568 2690 ταύτῃ
580 2612 615 2674 ἂν
626 2614 785 2674 πείθεσθαι·
804 2612 979 2694 ἀπικομένης

172 2699 203 2760 δὲ
223 2697 325 2776 ταύτης
344 2699 391 2760 καὶ
409 2698 561 2782 λεγούσης·
585 2700 634 2760 “ῶ
654 2704 714 2773 παῖ,
733 2699 855 2778 βούλεαι
872 2703 927 2779 τήν
945 2729 978 2765 τε

171 2788 318 2866 τυραννίδα
331 2793 359 2852 ές
371 2785 477 2853 ἀλλους
483 2789 596 2849 πεσέειν
606 2789 652 2849 καὶ
664 2789 715 2850 τόν
725 2789 801 2851 οἶκον
807 2793 859 2851 τοῦ
867 2792 978 2869 πατρός

172 2875 378 2954 διαφορηθέντα
396 2881 518 2952 μᾶλλον,
531 2875 550 2952 ἢ
562 2875 645 2939 αότός
665 2883 725 2955 σφε
737 2876 869 2938 ἀπελθών
883 2880 977 2958 ἔχειν,

171 2961 251 3021 ἄπιθι
272 2969 299 3025 ε’ς
318 2962 355 3022 τά
375 2965 457 3022 οἰκία·
484 2969 593 3024 παῦσαι
613 2965 736 3025 σεωυτόν
755 2967 869 3041 ζημιῶν·
891 2971 978 3042 φιλο-

169 3048 248 3150 τιμίη
261 3053 355 3124 κτῆμα
365 3051 473 3108 σκαιόν·
490 3075 573 3128 μη
540 3076 579 3109 τω
589 3075 663 3128 κακω
672 3077 706 3110 πο
715 3077 854 3111 κακονιω
866 3055 979 3113 πολλοὶ

170 3135 226 3189 τῶν
241 3133 401 3193 δικαίων
366 3160 402 3193 τα
419 3138 609 3210 ἐπιεικέστερα
621 3139 800 3212 προτιθέασι·
820 3140 930 3199 πολλοὶ
947 3141 979 3201 δὲ

171 3210 273 3289 ἤδη
237 3240 273 3273 τα
284 3241 399 3295 μητρῳα
416 3219 603 3297 διζήμενοι
568 3245 605 3278 τα
617 3226 734 3302 πατρῶα
746 3223 911 3301 ἀπέβαλον·
928 3251 979 3289 τυ·
