2150 3500
183 130 234 179 τοο
485 128 670 188 Ἦοοιιοοοι·
916 128 981 195 [ιιι
1047 115 1049 178 ι

183 206 277 269 Ἰνδοί·
296 208 390 269 Ἰνδῶν
403 206 505 289 γάρτό
522 208 595 286 πρός
611 207 665 284 τήν
678 206 721 284 ἤῶ
736 208 835 286 έρημίη
851 209 926 280 ἐστὶ,
938 210 982 272 διά
1047 201 1049 267 s

182 296 235 371 τήν
250 295 376 374 ψάμμον.
411 297 473 356 ἔστι
491 294 521 355 δὲ
537 294 638 355 πολλοὶ
656 296 736 356 ἔθνεα
751 295 846 356 Ἰνδῶν
866 296 915 355 καὶ
933 296 981 357 οῦκ

183 382 317 461 ὄμόφωνά
333 389 431 459 σφισι·
452 383 498 441 καὶ
516 386 544 443 οἶ
562 384 614 468 μέν
631 381 722 443 αὐτῶν
737 381 857 459 νομάδες
873 385 939 453 εἰσὶ,
956 388 981 444 οἶ

183 470 213 531 δὲ
223 470 265 545 οῦ·
285 474 312 531 οἱ
325 471 355 531 δὲ
369 475 398 532 έν
409 474 487 533 τοῖσι
500 471 580 530 ἕλεσι
593 471 718 530 οἰκέουσι
728 474 779 530 τοῦ
792 476 926 547 ποταμοῦ
938 472 981 532 καὶ

182 558 280 637 ἰχθύας
303 560 443 635 σιτέονται
465 556 565 638 ῶμοῦς,
585 557 653 621 τοῦς
673 558 799 635 αἱρέουσι
819 562 854 617 ἐκ
876 561 982 620 πλοίων

182 647 341 724 καλαμίνων
356 646 536 724 ὄρμειίμενοι·
557 644 687 721 καλάμου
702 645 732 705 δὲ
750 646 780 705 έν
794 644 867 725 γόνυ
880 649 983 708 πλοῖον

181 733 300 794 ἕκαστον
312 734 444 794 ποιέεται.
474 730 551 793 obet
563 735 616 810 μὲν
628 732 663 807 δή
671 734 728 791 τῶν
739 730 834 792 Ἰνδῶν
844 734 983 810 φορέουσι

181 821 288 896 ἐσθῆτα
301 821 431 897 φλοΐνην·
452 819 536 881 ἐπεάν
550 824 581 878 ἔκ
595 823 647 879 τοῦ
659 823 788 897 ποταμοῦ
802 823 900 894 φλοῦν
913 820 983 898 ἀμή-

180 932 255 967 σωσι
271 909 319 967 καὶ
336 907 454 986 κόψωσι,
467 906 502 968 τό
517 907 642 967 ἐνθεῦτεν
654 910 767 984 φορμοῦ
779 906 888 983 τρόπον
902 934 983 969 κατο-

135 994 339 1066 99πλέξαντες,
360 994 397 1059 ῶς
416 994 527 1073 θῶρηκα
547 994 714 1055 ε’νδυνέουσι.
748 991 859 1054 Ἀλλοι
878 994 912 1055 δὲ
931 1000 985 1057 τῶν

180 1081 273 1142 Ἰνδῶν
283 1082 355 1161 πρός
366 1081 408 1158 ήῶ
421 1082 557 1146 οἰκέοντες
568 1080 672 1143 τοῦτον
685 1080 803 1158 νομάδες
816 1082 884 1151 εἶσὶ,
897 1088 985 1159 κρεῶν

181 1170 292 1232 ἐδεσταὶ
312 1170 402 1248 ῶμῶν·
422 1170 571 1231 καλέονται
588 1170 619 1229 δὲ
636 1168 768 1229 Παδαῖοι·
787 1171 939 1246 νομαίοισι
956 1172 985 1232 δὲ

180 1259 304 1321 τοιοῖσδε
315 1259 446 1341 λέγονται
460 1257 596 1337 χρᾶσθαι·
606 1327 608 1329 ,
617 1256 649 1321 ῦς
667 1255 702 1317 ῶν
721 1255 798 1335 κάμη
809 1256 985 1330 τῶνάστῶν,

180 1345 217 1422 ἥν
227 1372 259 1408 τε
276 1346 346 1429 γυνὴ
358 1344 394 1422 ἥν
405 1370 437 1406 τε
452 1344 531 1422 οἷνῆρ,
544 1344 595 1406 τόν
610 1346 662 1421 μὲν
675 1344 762 1421 ἄνδρα
773 1342 874 1424 ἄνδρες
889 1348 920 1405 οἱ
933 1347 986 1424 μά-

180 1434 268 1495 λιστά
281 1438 308 1493 οἱ
325 1433 484 1512 ὁμιλέοντες
499 1432 648 1503 κτείνουσι,
662 1430 783 1509 φάμενοι
798 1430 888 1493 αῦτόν
903 1434 985 1510 τηκό-

180 1524 311 1599 μενοντῇ
325 1520 417 1600 νούσῳ
429 1520 465 1581 τά
482 1520 551 1597 κρέα
567 1521 656 1596 σφίσι
670 1518 898 1596 διαφθείρεσθαι·
920 1522 939 1582 ὁ
956 1522 987 1582 δὲ

180 1607 302 1686 ἅπαρνός
317 1613 379 1667 ε’στι
396 1608 437 1685 μὴ
453 1610 505 1684 μὲν
518 1608 634 1677 νοσέειν,
648 1609 678 1667 οἵ
691 1606 722 1665 δὲ
739 1605 772 1667 οῦ
788 1609 987 1688 σιηγινωσκό·

180 1720 259 1771 μενοι
267 1693 477 1759 ἀποκτείναντες
490 1693 715 1774 κατευωχέονται·
727 1691 763 1770 ἢν
772 1692 803 1754 δὲ
812 1695 886 1775 γυνη
897 1697 986 1777 κόμη,

180 1782 311 1847 ῶσαύτως
331 1785 362 1842 αἱ
381 1783 580 1862 ἐπιχρεώμεναι
599 1782 728 1860 μάλιστα
746 1785 877 1863 γυναῖκες
894 1785 987 1846 ταῦτά

180 1873 258 1932 τοῖσι
272 1869 391 1949 ἀνδράσι
405 1875 527 1931 ποιεῦσι·
548 1870 598 1932 τόν
614 1869 671 1953 γάρ
683 1868 719 1946 δὴ
733 1875 761 1934 ἐς
777 1873 870 1951 γῆρας
884 1871 986 1934 ἀπικό-

180 1985 264 2036 μενον
282 1958 659 2037 θθσαντες“κατευωχέονται·
679 1962 708 2022 ἐς
727 1957 758 2016 δὲ
774 1958 877 2019 τούτου
893 1960 986 2041 λόγον

182 2047 215 2108 οὗ
227 2049 335 2108 πολλοί
343 2073 415 2112 τινες
427 2046 517 2107 αὐτῶν
530 2046 714 2109 ἀπικνέονται·
729 2045 785 2122 πρό
797 2045 855 2126 γὰρ
868 2051 923 2106 τοῦ
934 2047 986 2108 τόν

136 2136 193 2196 100
201 2140 229 2200 ἐς
246 2141 349 2196 νοῦσον
362 2135 501 2196 πίπτοντα
517 2132 610 2193 πάντα
629 2133 777 2193 κτείνουσι.
810 2131 935 2211 Ἑτέραν
954 2134 988 2194 δέ

182 2227 244 2284 ἔστι
255 2223 348 2284 Ἰνδῶν
361 2222 407 2282 ὅδε
422 2221 511 2284 άλλος
526 2219 640 2298 τρόπος·
660 2219 724 2280 οὔτε
741 2220 883 2281 κτείνουσι
901 2220 986 2294 οὐδὲν

181 2311 315 2389 ἔμψυχον,
333 2309 395 2369 οὔτε
414 2333 443 2369 τι
462 2307 622 2385 σπείρουσι,
642 2306 706 2368 οὔτε
726 2307 813 2371 οἰκίας
832 2309 987 2386 νομίζουσι

180 2399 325 2470 ἐκτῆσθαι·
344 2396 554 2476 ποιηφαγέουσι
571 2395 611 2454 δέ·
632 2395 679 2454 καὶ
690 2392 812 2462 ,αῦτοῖσί
827 2399 892 2456 ε’στι
912 2395 987 2458 ὅσον

181 2483 299 2564 κέγχρος
310 2481 343 2543 τό
355 2482 478 2563 μέγαθος
491 2488 520 2543 ἐν
536 2481 637 2542 κάλυκι
649 2481 806 2560 αὐτόματον
816 2486 850 2546 ,ἔκ
865 2485 919 2559 τῆς
930 2488 987 2565 γῆς

180 2569 335 2650 γινόμενον·
354 2567 387 2627 τδ
408 2565 604 2650 συλλέγοντες,
620 2568 691 2648 αὐτῇ
710 2569 811 2629 κάλυκι
827 2568 938 2647 ἕψουσί
953 2596 986 2632 τε

182 2656 228 2716 καὶ
240 2656 389 2716 σιτέονται.
418 2655 449 2718 ῦς
462 2655 485 2715 δ’
496 2654 530 2716 ἂν
543 2661 572 2721 ἐς
583 2661 686 2719 νοῦσον
695 2656 785 2718 αὐτῶν
794 2658 879 2736 πέσῃ,
890 2658 986 2720 έλθῶν

182 2749 210 2808 ἐς
224 2742 276 2820 τὴν
291 2744 393 2822 ἔρημον
406 2744 506 2804 κέεται·
527 2745 669 2823 φροντίζει
685 2744 715 2804 δὲ
732 2742 821 2808 οὐδεὶς
839 2743 897 2804 οὔτ’
911 2744 986 2806 ἀπο·

136 2833 190 2890 101
200 2829 335 2895 θανόντος
354 2830 417 2891 οὔτε
441 2831 603 2908 κάμνοντος.
644 2831 730 2902 Μίξις
751 2832 782 2892 δὲ
800 2830 908 2894 τούτων
927 2837 986 2895 τῶν

180 2916 273 2977 Ἰνδῶν
284 2921 340 2978 τῶν
353 2918 489 2986 κατέλεξα
503 2916 614 2976 πάντων
628 2917 755 2995 ἐμφανής
771 2922 842 2990 ἔστι,
856 2918 986 2996 κατάπερ

179 3006 235 3063 τῶν
247 3001 408 3079 προβάτων·
428 3003 474 3062 καὶ
489 3003 522 3062 τό
535 3006 637 3080 χρῶμα
650 3005 788 3081 φορέουσι
798 3004 899 3081 ὁμοῖον
913 3006 987 3066 πάν·

180 3113 226 3150 τες
239 3090 285 3146 καὶ
298 3089 500 3166 παραπλήσιον
512 3089 639 3166 Αἰθίοψι·
658 3089 761 3171 ἦγοννὶ
770 3091 805 3156 ,δὲ
821 3090 915 3152 οὔτῶν
930 3092 988 3168 τὴν

153 3233 156 3237 ,
181 3171 307 3233 ἀπίενται
328 3179 356 3238 ές
375 3175 426 3238 πῶς
448 3178 587 3256 γυναῖκας,
610 3174 652 3244 οὗ,
666 3176 790 3254 κατάπερ
807 3182 864 3239 τῶν
883 3177 987 3240 ἄλλων

180 3255 337 3330 ἀνθρώπων,
359 3262 421 3319 ἐστὶ
440 3260 536 3336 λευκή,
557 3260 637 3320 ἀλλὰ
658 3263 780 3338 μέλαινα
802 3265 930 3344 κατάπερ
948 3265 986 3327 τῶ
