2150 3500
113 139 227 207 ιιι-ω]
441 140 605 196 mma.
870 149 921 201 ιιι

110 222 171 302 γάρ
184 222 226 282 οἷαὶ
239 227 268 282 ἐν
277 226 316 304 γῇ
330 224 377 282 καὶ
390 223 510 294 ἐκλέπει,
523 227 569 284 καὶ
581 225 615 286 τδ
628 223 741 287 πολλδν
752 228 804 303 τῆς
816 225 921 306 ἡμέρης

112 310 254 387 διατρίβει
274 316 304 371 ἐν
324 315 363 390 τῷ
385 313 465 392 ξηρῷ,
481 313 533 388 τήν
556 313 586 372 δέ
607 313 693 375 νύκτα
714 318 811 375 πᾶσαν
833 321 862 375 ἐν
882 319 922 396 τῷ

111 403 240 477 ποταμῷ·
271 399 439 476 θερμότερον
459 399 514 480 γάρ
535 400 571 477 δή
591 407 654 462 ἐστι
673 401 708 463 vo*
728 402 799 480 ὕδωρ
819 407 870 479 τῆς
888 429 921 464 τε

111 487 223 563 αἰθρίης
236 487 282 547 καὶ
295 491 346 562 τῆς
360 486 474 563 δρόσου.
513 487 624 550 πάντων
637 489 668 548 δὲ
680 494 736 549 τῶν
748 489 829 566 ήμεῖς
842 491 921 568 ἴδμεν

111 574 221 651 θνητῶν
234 580 319 635 τοῦτο
332 575 364 644 ἐξ
373 577 527 664 ἐλαχίστου
540 577 679 658 μέγιστον
690 578 805 660 γίνεται·
820 578 857 638 τά
868 581 920 656 μὲν

110 661 170 742 γάρ
183 661 224 721 da*
236 661 344 742 χηνέων
357 661 390 722 ού
407 667 508 742 πολλῷ
525 663 631 742 μέζονα
643 665 738 735 τίκτει,
749 666 796 724 καὶ
809 665 826 726 ὁ
839 692 919 728 νεοσ-

110 748 167 812 σδς
187 748 257 809 κατά
276 748 365 831 λόγον
384 753 435 810 τοῦ
456 749 511 810 άοΰ
530 752 646 832 γίνεται·
682 751 918 829 αύξανόμενοςδὲ

110 838 219 918 γίνεται
238 838 285 896 καὶ
305 843 333 901 ἐς
353 838 536 898 ἐπτακαιδεκα
556 839 673 918 πήχεας,
692 840 738 899 καὶ
757 840 847 917 μίζων
868 843 917 902 ἔτι·

111 925 172 1003 ἔχει
185 925 215 984 δὲ
228 923 397 1002 ὀφθαλμούς
408 927 461 1002 μὲν
473 925 530 996 ύδς,
545 925 661 991 ὀδόντας
674 927 704 987 δὲ
716 929 858 1010 μεγάλους
870 931 918 990 καὶ

109 1013 323 1092 χαυλιόδοντας,
345 1013 416 1073 κατά
436 1013 525 1096 λόγον
540 1019 596 1075 ’τοῦ
617 1013 758 1092 σιύματος·
778 1019 918 1096 γλῶσσαν

110 1100 144 1159 δὲ
157 1105 261 1177 μοῦνον
278 1103 380 1180 θηρίων
396 1101 446 1161 ούκ
467 1104 566 1178 ἔφυσε·
594 1102 657 1162 ούδέ
673 1103 725 1180 τήν
746 1103 818 1164 κάτω
835 1104 917 1166 κινέει

109 1188 224 1270 γνάθον,
252 1188 330 1249 άλλά
357 1190 404 1249 καὶ
429 1193 514 1250 τοῦτο
534 1193 639 1266 μοῦνον
660 1191 763 1268 θηρίων
788 1191 840 1267 τήν
860 1192 917 1252 άνω

109 1274 216 1356 γνάθον
228 1275 369 1359 προσάγει
381 1281 417 1357 τῇ
432 1277 515 1338 κάτω·
532 1279 590 1357 ἔχει
604 1277 633 1337 δέ
647 1279 693 1337 καὶ
707 1278 809 1358 ὄνυχας
822 1304 916 1356 καρτε·

109 1363 178 1440 ρούς
191 1365 237 1424 καὶ
253 1363 348 1443 δέρμα·
361 1365 523 1446 λεπιδωτόν,
539 1364 676 1444 άρρηκτον
690 1366 735 1425 ἐπὶ
752 1370 803 1426 τοῦ
819 1367 915 1426 νότου·

109 1452 223 1528 τυφλόν
236 1453 266 1512 δὲ
279 1457 309 1513 ἐν
321 1452 409 1524 ὕδατι,
424 1457 453 1514 ἐν
465 1453 496 1513 δὲ
512 1458 549 1533 τῇ
565 1453 659 1532 αἰθρίῃ
673 1451 912 1532 ὀξυδερκέστατον.

109 1538 160 1599 εἶτε
181 1539 216 1616 δή
237 1540 274 1601 ὧν
294 1545 324 1601 ἐν
343 1539 744 1619 ύδατιδίαιτανποιεύμενον,
765 1540 799 1602 τδ
820 1541 915 1619 στόμα

109 1627 221 1689 ἔνδοθεν
240 1629 338 1706 φορέει
356 1633 415 1689 τᾶν
433 1629 540 1707 μεστδν
559 1629 715 1707 βδελλέων.
754 1628 791 1690 τά
810 1632 863 1707 μὲν
879 1630 914 1707 δή

108 1713 188 1776 ἄλλα
200 1713 284 1795 ὄρνεα
293 1716 339 1777 καὶ
350 1717 433 1796 θηρία
443 1716 541 1801 φεύγει
553 1743 611 1795 μιν·
626 1717 642 1780 ὁ
653 1718 683 1778 δὲ
695 1719 828 1799 τροχίλος
842 1722 912 1797 εἰρη-

108 1803 188 1865 ναῖόν
202 1809 229 1865 οἱ
243 1806 305 1866 ἐστὶ
315 1805 365 1867 ἅτε
379 1806 562 1886 ὠφελεομένῳ
572 1806 642 1885 πρδς
656 1806 750 1867 αύτοῦ·
765 1806 849 1867 ἐπεάν
858 1808 914 1889 γάρ

108 1896 138 1956 ἐς
151 1891 209 1971 ’τήν
227 1897 283 1975 γῆν
300 1896 374 1972 ἐκβῇ
390 1899 421 1953 ἐκ
440 1898 491 1954 τοῦ
510 1893 610 1958 ὕδατος
625 1895 643 1955 o‘
660 1895 845 1972 κροκόδειλος,
867 1896 914 1955 καὶ

108 1982 205 2042 ἔπειτα
230 1981 420 2062 χάνη,-ἐωθε
445 1981 605 2063 γάρτοῦτο
628 1983 664 2046 ὦς
686 1984 788 2044 ἐπίπαν
811 1982 916 2044 ποιέειν
982 2032 984 2037 .

107 2069 180 2146 πρδς
191 2068 243 2131 τόν
260 2070 551 2147 ζέφυρον,-ἐνθαῦτα
567 2069 584 2129 0‘
601 2069 734 2149 τροχίλος
752 2070 873 2130 ἐσδύνων
885 2075 914 2135 ἐς

107 2157 142 2217 τδ
160 2156 256 2235 στόμα
271 2157 356 2219 αὐτοῦ
375 2157 518 2218 καταπίνει
537 2156 588 2221 τάς
607 2156 742 2233 βδέλλας,
762 2156 777 2217 ὁ
794 2157 824 2215 δὲ
840 2156 911 2233 ὤφε-

106 2244 241 2322 λεύμενος
255 2246 363 2322 Ιἥδεται
386 2246 433 2306 καὶ
460 2244 539 2305 οὐδὲν
560 2244 667 2306 σίνεται
693 2244 743 2305 τάν
766 2246 911 2323 τροχίλον.

107 2336 192 2393 Τοῖσι
203 2337 255 2412 μὲν
264 2333 299 2412 δή
312 2338 367 2395 τῶν
377 2332 536 2415 Αἰγυπτίων
551 2333 608 2411 ἶροί
619 2336 674 2393 εἶσι
683 2335 715 2393 ,οἱ
729 2332 909 2410 κροκόδειλοι,
920 2335 958 2393 69

106 2424 185 2482 τοῖσι
204 2421 229 2481 δ’
243 2421 283 2492 οὒ,
301 2420 367 2481 ἄλλ’
380 2419 430 2481 ἅτε
449 2422 602 2499 πολεμίους
621 2422 796 2499 περιέπουσι.
838 2423 866 2480 οἱ
881 2421 912 2481 δέ

106 2509 175 2586 περί
184 2536 217 2570 τε
229 2510 330 2587 Θήβας
343 2509 389 2568 καὶ
401 2508 455 2584 τήν
468 2510 586 2586 Μοίριος
599 2509 702 2587 λίμνην
715 2510 850 2573 οἰκέοντες
864 2508 910 2568 καὶ

107 2597 197 2675 κάρτα
216 2597 334 2678 ἥγηνται
360 2594 461 2660 αύτούς
481 2595 552 2657 εἶναι
573 2596 656 2673 ἱρούς.
698 2602 729 2658 ἐκ
748 2596 861 2659 πάντων
880 2597 911 2656 δὲ

107 2686 156 2745 ἐνα
182 2684 306 2762 ἐκάτεροι
332 2684 472 2763 τρέφουσι
498 2684 684 2762 κροκόδειλον,
713 2685 909 2767 δεδιδαγμένον

106 2772 177 2832 εἶναι
188 2772 346 2851 χειροήθεα·
381 2770 529 2849 α’ρτήματιί
541 2798 573 2833 τε
588 2773 683 2833 λίθινα
695 2773 768 2853 χυτοὶ
782 2774 828 2831 καὶ
841 2770 908 2850 χρύ-

106 2884 162 2920 σεα
176 2866 216 2935 ,ἐς
234 2859 271 2920 τά
290 2859 348 2919 ὦτα
368 2859 497 2929 ἐνθέντες,
525 2860 571 2919 καὶ
598 2858 737 2938 άμφιδέας
760 2860 824 2937 περὶ
843 2857 909 2921 τούς

104 2948 261 3025 προσθίους
280 2946 375 3016 πόδας,
392 2947 439 3006 καὶ
459 2947 537 3008 σιτία
557 2946 702 3007 α’πότακτα
722 2945 842 3009 διδόντες
862 2946 908 3004 καὶ

106 3034 256 3113 ἱρήῖα,’καὶ
274 3034 451 3111 περιέποντες
471 3034 507 3097 οἷς
527 3033 671 3093 κάλλιστα
692 3033 818 3104 ζώοντας,
839 3032 907 3091 α’πο-

105 3122 242 3187 θανόντας
254 3122 285 3181 δὲ
296 3120 489 3199 ταριχεύοντες
505 3120 645 3181 θάπτουσι
658 3126 687 3180 ἐν
701 3124 779 3199 ἱρῇσι
793 3118 907 3196 θήκῃσι.

106 3212 135 3272 οἶ
147 3210 178 3269 δὲ
190 3211 255 3287 περὶ
261 3208 466 3286 Ἐλεφαντίνην
475 3208 561 3268 πάλιν
571 3209 706 3271 οἰκέοντες
719 3207 764 3265 καὶ
777 3206 907 3267 ἐσθίουσι

252 3294 363 3316 ἸΙ

105 3296 215 3367 αύτούς,
228 3322 279 3357 ουκ
293 3320 442 3376 ηγεομενοι
460 3293 535 3371 ἱρούς
551 3294 629 3355 εἶναι.
670 3294 818 3354 καλέονται
832 3292 863 3352 δέ
875 3290 908 3353 ού
