2150 3500
83 138 193 205 71-73]
418 138 552 189 οικαικ.
736 115 741 123 ’
832 138 880 190 τοι

83 217 215 296 φυλακᾶς
233 217 288 299 γὰρ
302 216 336 294 δή
350 216 518 281 διεστεώσας
537 216 614 280 οἴδιίς
631 242 681 279 κου
697 217 743 276 καὶ
758 214 848 287 αύτδς,
862 220 888 277 εἰ

84 306 126 383 μή
142 305 212 375 ἰδών,
229 304 294 365 ἀλλ’
309 304 441 369 οἰκούσας·
463 304 497 369 θς
511 307 565 383 τέῳ
577 305 672 385 τρόπῳ
684 304 846 381 περήσομεν
854 304 886 375 ;”

84 394 233 471 ἀμείβεται
252 397 369 470 Δαρεῖος
386 393 491 453 τοῖσδε·
514 392 691 469 “Ὀτόνη,’ἦ
709 393 806 452 πολλό
825 397 887 453 ἐστι

83 481 120 540 τὰ
137 482 214 563 λόγῳ
228 484 280 558 μὲν
293 480 343 541 ούκ
363 480 408 541 otei
425 507 457 541 τε
475 481 611 556 δηλῶσαι,
627 484 696 562 ἔργῳ
709 480 749 540 δέ·
770 480 848 540 ἅλλα
862 480 886 541 δ’

85 569 149 629 ἐστὶ
164 568 200 629 τὰ
218 569 294 649 λόγῳ
309 572 362 645 μὲν
379 568 424 628 οἷό
441 595 480 640 τε,
495 571 576 650 ἔργον
594 569 630 629 δέ.
642 569 721 630 οὐδὲν
738 568 785 628 ἀπ’
798 568 887 631 αὐτῶν

82 657 216 734 λαμπρόν
228 658 344 738 γίνεται·
365 656 443 733 ύμεῖς
459 658 489 717 δὲ
504 658 568 718 ’ίστε
581 655 711 734 φυλακὰς
724 657 775 721 τοὶς
787 683 886 718 κατεσ-
941 703 945 707 -

81 746 191 808 τειύσας
208 744 308 822 ἐούσας
326 744 403 804 οὐδὲν
415 745 544 825 χαλεπὰς
558 747 719 823 παρελθεῖν·
739 748 887 823 τοῦτομὲν

81 833 148 915 γὰρ,
162 832 255 911 ήμέων
268 832 369 895 ἐόντων
380 834 500 905 τοιῶνδε,
516 832 604 897 οὐδεὶς
617 833 696 897 ὅστις
709 832 741 893 ού
754 832 897 911 παρήσεα·

81 920 121 981 τοὶ
135 920 189 998 μέν
201 947 251 981 κου
270 922 479 999 καταιδεόμενος
496 920 585 999 ήμέας
600 922 636 981 τοὶ
654 921 685 981 δέ
703 947 753 981 κου
771 922 818 981 καὶ
834 922 886 981 δει-

80 1010 198 1085 μαίνων·
218 1013 302 1071 τοῦτο
318 1010 356 1080 δὲ,
371 1010 425 1089 ἐχω
441 1008 524 1074 αύτὸς
541 1013 649 1088 σκῆψιν
662 1008 886 1089 εὐπρεπεστάτην

79 1100 120 1176 τῇ
132 1097 260 1176 πάριμεν,
275 1097 332 1175 φαῖς
348 1094 411 1174 ἄρτι
424 1122 456 1156 τε
469 1096 546 1173 ήκειν
559 1102 591 1157 ἐκ
605 1097 740 1175 Περσέων
754 1098 800 1157 καὶ
817 1097 886 1174 βού-

80 1186 191 1245 λεσθαί
198 1211 226 1245 τι
237 1185 303 1249 ἔπος
312 1184 389 1263 παραὶ
398 1190 450 1246 τοῦ
460 1184 566 1263 πατρός
576 1189 703 1265 σημήνω
709 1189 748 1265 τῷ
755 1186 884 1262 βασιλέϊ·

81 1274 152 1334 ἔνθα
163 1274 218 1354 γιίρ
227 1299 256 1333 τι
269 1273 312 1333 δεῖ
324 1272 425 1351 ψεῦδος
438 1272 583 1354 λέγεσθαι,
594 1273 732 1355 λεγέσθω.
761 1273 886 1354 (τοῢγοὶρ

81 1360 171 1421 αὐτοῦ
182 1360 350 1442 γλιχόμεθα,
362 1362 432 1422 οἵτε
441 1361 606 1440 ψευδόμενοι
618 1362 665 1421 καὶ
679 1364 706 1420 οἱ
718 1364 754 1441 τῇ
764 1360 887 1439 ἀληθηΐῃ

80 1448 292 1528 διαχρεόμενοι·
318 1452 348 1509 οἶ
366 1448 419 1526 μέν
437 1474 472 1531 γε
491 1448 640 1529 ψεύδονται
660 1448 734 1523 τότε,
756 1446 840 1508 ἐπεόν
858 1475 887 1509 τι

80 1536 216 1614 μέλλωσι
226 1540 305 1597 τοῖσι
317 1536 433 1615 ψεύδεσι
445 1539 592 1603 πείσαντες
605 1537 802 1617 κερδήσεσθαι·
823 1540 850 1596 οἱ
862 1536 886 1596 δ’

81 1624 273 1702 ἀληθίζονται,
288 1626 333 1685 ἵνα
345 1651 373 1686 τι
384 1629 421 1705 τῇ
430 1625 554 1707 α’ληθηίῃ
565 1620 778 1687 ἐπισπάσωνται
790 1623 886 1703 κέρδος

82 1714 136 1775 καί
155 1738 184 1774 τι
206 1713 321 1792 μᾶλλόν
343 1720 400 1793 σφι
426 1714 621 1794 ἐπιτράπηται·
648 1713 718 1778 οὕτω
742 1713 776 1775 οὖ
798 1713 887 1775 ταύτιὶ

81 1801 235 1867 ἀσκέοντες
247 1802 352 1864 τιύυτοΰ
367 1802 565 1884 περιεχόμεθα.
599 1805 670 1864 εἰδὲ
688 1803 775 1880 μηδὲν
791 1801 887 1880 κερδή-

81 1891 192 1951 σεσθαι
203 1891 344 1968 μέλλοιεν,
353 1890 453 1968 ὁμοίως
466 1890 500 1952 ἂν
510 1890 526 1951 ὅ
535 1916 568 1951 τε
578 1890 777 1968 ἀληθιζόμενος
784 1891 888 1969 ψευδής

82 1978 192 2055 εἴηκαὶ
211 1979 228 2040 ὅ
246 1977 413 2058 ψευδόμενος
430 1976 560 2060 ἀληθής.)
592 1978 625 2042 ὃς
644 1976 679 2039 ἂν
695 1977 748 2056 μέν
765 2004 815 2039 νυν
833 1983 889 2038 τῶν

83 2069 236 2144 πυλουρῶν
256 2065 324 2127 ε’κιδν
344 2067 440 2146 παρίῃ,
462 2065 535 2144 αύτῷ
555 2067 583 2125 οἱ
604 2063 719 2142 ἄμεινον
738 2070 767 2128 ἐς
785 2064 888 2145 χρόνον

85 2155 177 2215 ἔσται·
200 2153 231 2218 ὃς
250 2153 273 2215 δ’
289 2151 324 2215 ἂν
343 2153 513 2232 ἀντιβαίνειν
531 2156 669 2230 πειρᾶται,
690 2152 888 2214 διαδεικνύσθω

85 2244 208 2304 ἐνθαῦτα
231 2241 282 2304 ἐῶν
303 2241 449 2320 πολέμιος·
475 2240 523 2300 καὶ
550 2241 644 2300 ἔπειτα
668 2238 807 2316 ὠσάμενοι
834 2241 889 2300 ἔσω

86 2333 172 2412 ἔργου
185 2329 339 2411 ἐχόμεθα.”

129 2418 215 2500 Λέγει
229 2417 372 2496 Γωβρύης
379 2417 452 2496 μετὰ
465 2420 562 2479 ταῦτα·
583 2426 602 2454 “
609 2415 705 2496 ἄνδρες
719 2419 809 2494 φίλοι,
822 2415 890 2494 ἡμῖν
898 2417 937 2479 73

88 2506 155 2567 κότε
169 2507 286 2567 κάλλιον
298 2505 413 2583 παρέξει
429 2504 635 2566 ἀνασώσασθαι
647 2505 700 2581 τήν
712 2505 812 2585 ἀρχήν,
824 2503 852 2581 ἢ,
867 2505 892 2564 εἴ

87 2621 124 2676 γε
133 2593 174 2671 μή
185 2594 278 2654 οἷοίτε
289 2593 413 2672 ἐσόμεθα
423 2591 510 2669 αύτήν
519 2592 698 2670 ἀναλαβέειν,
708 2593 890 2663 ἀποθανέεινς

88 2681 140 2742 ὅτε
153 2693 188 2762 γε
205 2680 348 2762 οἷρχόμεθιι
361 2683 413 2759 μὲν
426 2680 517 2744 ἐόντες
531 2681 645 2759 Πέρσαι
659 2681 714 2742 ὖπδ
728 2682 829 2758 Μήδου
844 2679 891 2740 οἷν-

89 2768 156 2848 δρός
172 2770 284 2851 Μάγου,
301 2769 348 2828 καὶ
366 2768 467 2831 τούτου
487 2768 545 2829 ὦτα
565 2768 616 2828 ούκ
635 2770 756 2847 ἔχοντος·
776 2768 843 2828 ὅσοι
861 2792 893 2827 τε

88 2855 181 2935 ύμέων
196 2856 346 2937 Καμβύσῃ
362 2856 491 2918 νοσέοντι
507 2855 703 2938 παρεγένοντο,
716 2855 824 2920 πάντως
842 2880 892 2915 κου

88 2944 237 3024 μέμνησθε
249 2947 286 3006 τοὶ
299 2944 442 3024 ἐπέσκηψε
459 2943 594 3024 Πέρσησι
611 2948 748 3005 τελευτῶν
758 2943 809 3005 τδν
826 2943 893 3020 βίον

88 3033 133 3112 μή
152 3032 364 3113 πειρεωμένοισι
384 3033 561 3094 ἀνακτᾶσθαι
579 3031 632 3108 τήν
651 3031 750 3111 ἀρχήν·
773 3031 810 3091 ταὶ
828 3030 894 3090 τότε

89 3122 143 3182 οὐκ
161 3123 349 3200 ἐνεδεκόμεθα,
364 3121 430 3182 ἀλλ’
444 3122 490 3182 ε’πὶ
507 3121 632 3200 διαβολῇ
645 3119 790 3197 ἐδοκέομεν
807 3121 893 3178 εἰπεῖν

90 3210 267 3288 Καμβύσεα.
289 3215 338 3270 νῦν
347 3209 383 3270 ὧν
390 3211 501 3286 τίθεμαι
512 3213 611 3288 ψῆφον
620 3209 768 3270 πείθεσθαι
776 3208 893 3287 Δαρείῳ,

89 3297 140 3357 καὶ
155 3297 196 3373 μή
209 3296 374 3357 διαλύεσθαι
387 3301 417 3356 ἐκ
432 3301 482 3355 τοῦ
499 3297 646 3379 συλλόγου
658 3296 724 3357 ἀλλ’
739 3295 830 3360 ἰόντας
846 3296 894 3355 ἐπὶ
