2150 3500
100 81 104 86 “
150 95 181 144 12
448 95 633 145 Ἧυοαοτοι·
915 92 957 158 [ι.

149 177 200 234 τοῦ
210 177 277 250 νηοῦ
287 174 413 252 σχοινίον
426 180 453 238 ἐς
464 173 498 235 τδ
511 167 612 251 τεῖχος·
631 173 692 233 ἐστι
705 172 735 232 δέ
745 172 851 250 μεταξῦ
859 176 910 249 τῆς
921 198 959 233 τε

149 265 273 336 παλαιῆς
290 260 390 324 πόλιος
406 261 426 336 ἣ
445 260 511 321 τότε
530 261 722 338 ἐπολιορκέετο
743 261 789 319 καὶ
805 264 855 319 τοῦ
876 264 958 337 νηοῦ,

150 348 219 408 ἑπτά
232 347 350 408 στάδιοι.
392 348 527 426 πρώτοισι
539 352 591 425 μὲν
604 349 638 423 δή
651 347 776 408 τούτοισι
789 348 958 426 ἐπεχείρησε

149 435 167 497 6
180 440 313 512 Κροῖσος·
330 434 401 513 μετά
415 437 452 506 δέ,
466 441 496 496 ἐν
507 439 584 514 μέρει
598 427 743 521 ἐκάότοισι
754 433 851 495 Ἰώνων
862 460 893 494 τε
907 435 958 494 καὶ

149 523 282 594 Αἰολέων,
303 523 422 585 ἄλλοισι
440 522 532 588 ἄλλος
552 524 641 588 αἰτίας
661 523 807 600 ἐπιφέρων·
827 526 882 582 τῶν
902 525 958 599 μὲν

151 609 263 672 ἐδύνατο
277 611 394 688 μέζονας
409 613 612 690 παρευρίσκειν,
628 612 731 689 μέζονα
750 609 956 686 ἐπαιτιώμενος,

102 700 140 766 27
149 701 225 759 τοῖσι
238 698 268 758 δέ
281 697 370 759 αὐτῶν
382 699 429 758 καὶ
442 691 541 776 φαῦλα
557 700 704 776 ἐπιφέρων.
743 697 793 760 Ὡς
809 697 838 756 δὲ
853 695 909 773 άρα
925 701 957 756 οἰ

150 791 179 846 ἐν
187 790 224 865 τῇ
233 785 318 865 Ἀσίη
326 786 466 862 Έλληνες
476 786 691 864 κατεστράφατο
704 791 731 849 ἐς
742 784 832 862 φόρου
841 784 956 865 ἀπαγω-

148 873 211 955 γήν,
220 872 254 933 τδ
267 874 390 934 ἐνθεῦτεν
401 873 509 935 ἐπενόεε
521 876 584 938 νέας
593 873 782 951 ποιησάμενος
792 873 956 950 ἐπιχειρέειν

148 964 225 1022 τοῖσι
237 960 401 1074 νησιώτῃσι·
420 960 517 1022 ἐόντων
530 962 562 1020 δέ
573 965 600 1022 οἰ
612 961 722 1021 πάντων
735 960 848 1037 ἑτοίμων
861 965 889 1024 ἐς
899 958 955 1035 τήν

148 1049 310 1130 ναυπηγίην,
325 1052 352 1108 οἶ
364 1051 416 1126 μέν
429 1048 533 1109 Βίαντα
550 1049 716 1131 λέγουσι
684 1074 734 1109 τον
747 1046 906 1124 Πριηνέα’
888 1072 954 1106 απι-
976 1105 979 1112 ,
1056 1066 1057 1073 ’

149 1135 266 1213 κόμενον
283 1141 311 1200 ἐς
324 1135 424 1213 Σάρδις
440 1162 467 1195 οι
457 1136 510 1196 δέ
526 1135 668 1196 Πιττακόν
684 1135 734 1200 τόν
749 1137 951 1209 Μυτιληναῖον,

149 1224 290 1302 εἰρομένου
301 1223 467 1303 Κροίσου”
441 1249 466 1284 ει
477 1248 505 1284 τι
515 1226 558 1300 εἰη
566 1223 696 1301 νεώτερον
708 1222 772 1299 περὶ
783 1220 835 1298 τήν
846 1220 953 1281 Ἑλλά-

148 1311 240 1382 δα,’
216 1310 328 1372 ειπόντα
353 1310 418 1373 τάδε
445 1315 623 1372 καταπαῦσαι
646 1309 699 1386 τήν
721 1309 884 1390 ναυπηγίην·
907 1307 953 1368 “ω

148 1399 282 1475 βασιλεῦ,
300 1402 442 1475 νησιῶται
468 1397 554 1460 ἵππον
582 1398 764 1458 συνωνέονται
777 1397 895 1474 μυρίην,
922 1401 953 1461 ἐς

150 1484 250 1563 Σάρδις
267 1487 361 1546 τεκαὶ
379 1486 424 1545 ἐπὶ
440 1487 476 1545 σέ
492 1486 602 1565 ἔχοντες
619 1490 650 1546 ἐν
667 1489 704 1564 νῷ
720 1483 951 1562 στρατειίεσθαι·”

148 1577 275 1650 Κροῖσον
288 1572 318 1632 δὲ
334 1573 490 1633 ἐλπίσαντα
503 1573 597 1653 λέγειν
613 1575 716 1633 ἐκεῖνον
731 1571 838 1648 άληθέα
853 1575 949 1632 εἰπεῖν·

148 1659 201 1719 “at
217 1658 272 1741 γάρ
289 1664 371 1720 τοῦτο
391 1660 449 1720 θεοὶ
468 1658 617 1735 ποιήσειαν
637 1658 683 1720 ἐπὶ
702 1658 768 1720 νόον
787 1657 950 1738 νησιώτῃσι,

149 1749 268 1810 ἐλθεῖν’
255 1773 300 1808 επι
290 1746 414 1809 Λυδῶν
426 1748 579 1813 παῖδας
542 1775 596 1809 συν
610 1745 746 1809 ἵπποισιῦ
765 1745 815 1809 τόν
832 1746 896 1807 δέ
878 1774 949 1809 υπο-

147 1835 277 1914 λαβόντα
290 1835 387 1913 φάναι·
408 1835 450 1896 “ώ
466 1839 601 1913 βασιλεῦ,
614 1835 761 1913 προθύμως
775 1860 825 1912 μοι
838 1836 950 1910 φαίνεαι

148 1922 282 1993 εὔξασθαι
300 1924 435 1999 νησιώτας
454 1925 653 2006 ἱππευομένους
671 1923 774 1999 λαβεῖν
792 1928 822 1983 ἐν
836 1922 948 2002 ήπείρῳ,

148 2010 243 2072 οἰκότα
262 2012 391 2083 ἐλπίζων·
413 2011 550 2089 νησιώτας
569 2011 600 2071 δὲ
622 2012 652 2071 τί
670 2010 771 2073 δοκέεις
790 2009 947 2092 [εὔχεσθαι]

148 2097 231 2170 ἄλλο,
243 2096 295 2181 [ἢ,]
305 2099 367 2158 ἐπεί
375 2125 407 2161 τε
419 2099 542 2178 τάχιστα
556 2096 689 2160 ἐπύθοντό
700 2124 735 2159 σε
746 2099 890 2175 μέλλοντα
903 2100 948 2159 ἐπὶ

147 2187 236 2263 σφίσι
248 2188 453 2268 ναυπηγέεσθαι
465 2187 535 2257 νέας,
548 2186 650 2262 λαβεῖν
659 2184 795 2262 άρώμενοι
804 2184 910 2249 Λυδοῦς
919 2190 949 2246 ἐν

148 2274 291 2354 θαλάσση,
315 2274 360 2334 ἵνα
384 2272 454 2351 ῦτέρ
475 2277 530 2333 τῦν
557 2278 587 2334 ἐν
611 2276 649 2352 τῇ
670 2272 774 2352 ἠπείρῳ
799 2273 949 2348 οἰκημένων

113 2422 116 2427 ,
146 2358 290 2437 Ἑλλήνων
312 2360 446 2422 τίσωνταί
465 2385 509 2431 σε,
531 2360 597 2425 τοῦς
619 2359 658 2420 σῦ
680 2359 825 2424 δουλώσας
847 2359 949 2438 ἐχεις;”

148 2446 236 2525 κάρτα
246 2472 278 2507 τε
286 2446 409 2524 ήσθῆναι
422 2450 549 2524 Κροῖσον
560 2452 599 2527 τῷ
611 2446 741 2529 ἐπιλόγῳ,
751 2448 800 2508 καί
810 2450 838 2507 οἱ
847 2448 948 2526 (προσ-

148 2534 237 2610 φυέως
251 2533 307 2614 γάρ
325 2532 404 2604 δόξαι
420 2536 524 2615 λέγειν)
537 2534 701 2612 πειθόμενον
719 2534 884 2595 παύσασθαι
898 2537 950 2610 τῆς

147 2622 308 2701 ναυπηγίης·
332 2621 379 2681 καί
398 2620 469 2681 οὕτω
488 2625 566 2683 τοῖσι
583 2622 634 2686 τάς
653 2622 756 2699 νήσους
776 2621 949 2699 οἰκημένοισι

141 2706 223 2767 Ἴωσι
235 2708 336 2783 ξεινίην
348 2708 530 2785 συνεθήκατο.

99 2796 137 2856 28
187 2792 297 2873 Χρόνου
309 2795 340 2855 δὲ
353 2798 551 2877 ἐπιγινομένου,
562 2797 609 2857 καὶ
621 2797 869 2876 κατεστραμμένων
880 2822 948 2876 σχε·

116 2908 119 2915 ·
145 2881 194 2943 δὸν
215 2880 325 2943 πάντων
345 2887 401 2944 τῶν
422 2883 498 2948 ἐντός
514 2884 621 2949 Ἀλυος
640 2890 768 2962 ποταμοῦ
788 2885 947 2961 οἰκημένων·

121 2974 123 2979 ’
145 2968 223 3046 πλήν
238 2970 294 3052 γάρ
311 2971 436 3031 Κιλίκων
452 2972 498 3030 καὶ
514 2974 630 3042 Λυκίων,
643 2972 707 3035 τοῦς
719 2971 825 3035 ἄλλους
842 2971 948 3035 πάντας

145 3055 191 3116 ὕπ’
205 3060 293 3135 ἑωυτῷ
310 3056 368 3136 εἶχε
386 3058 676 3136 καταστρεψάμενοςό
694 3062 827 3135 Κροῖσος·
848 3059 904 3118 εἰσί
917 3059 948 3118 δὲ

146 3142 212 3211 οἵδε,
225 3144 320 3213 Λυδοὶ,
337 3144 450 3225 Φρόγες,
467 3144 573 3214 Μυσοὶ,
590 3145 785 3222 Μαριανδυνοὶ,
803 3144 946 3221 Χάλυβες,

147 3228 346 3311 Παφλαγόνες,
355 3230 479 3307 Θρήϊκες,
491 3232 518 3291 οἱ
526 3231 613 3291 Θυνοί
617 3256 648 3290 τε
658 3232 704 3291 καὶ
713 3232 835 3300 Βιθυνοὶ,
844 3236 946 3309 Κᾶρες,
