2150 3500
93 115 252 182 ιιι-ιιι]
454 115 567 172 mm.
876 121 909 174 τι

92 199 231 277 Αἰγαῖαι,
259 194 381 274 Μύρινα,
401 195 528 274 Γρύνεια·
557 193 640 257 αὗται
664 195 761 257 ἕνδεκα
784 199 910 261 Αἰολέων

92 282 205 347 πόλιες
224 285 254 343 αἰ
273 282 398 363 ἀρχαῖαι·
423 285 475 360 μία
494 282 550 364 γάρ
570 289 668 360 σφεων
684 284 832 362 παρελύθη
850 286 909 348 ύπδ

91 367 220 442 Ἰεόνων,
234 370 358 448 Σμύρνη·
378 369 453 447 ἦσαν
471 370 526 454 γὰρ
546 372 592 430 καὶ
609 369 690 432 αὗται
702 371 823 432 δυώδεκα
835 376 910 436 αἰέν

92 463 140 538 τῇ
163 458 277 538 ἠπείρῳ.
311 456 388 518 οὗτοι
405 458 436 518 δὲ
456 463 484 518 οῖ
499 459 616 522 Αἰολέες
631 458 726 538 χώρην
741 462 794 536 μὲν
809 461 908 542 ἔτυχον

94 547 252 610 κτίσαντες
277 544 379 623 ἀμείνω
404 544 510 618 Ἰώνων,
538 545 630 623 ιῖρέων
656 547 686 606 δὲ
711 545 837 623 ἥκουσαν
858 548 908 610 οὐκ

93 633 216 711 ὁμοίαις.
250 633 381 711 Σμύρνην
393 633 424 694 δὲ
441 631 495 695 ὦδε
510 633 661 711 ἐπέβαλον
672 636 797 698 Αἰολέες.
831 641 955 700 Κο-150

92 723 262 798 λοφωνίους
275 719 376 799 ἄνδρας
388 720 476 783 στόσι
492 723 668 787 ἑσσωθέντας
680 723 727 782 καὶ
740 723 909 790 ἐκπεσόντας

94 813 133 868 ἐκ
149 814 201 885 τῆς
212 809 529 885 πατριδοςύπεδέξαντο·
550 810 622 889 μεταῖ
634 811 673 883 δὲ,
683 814 711 872 οἰ
724 811 847 893 φυγάδες
853 817 909 874 τοῖν

95 897 298 973 Κολοφωνίων
311 897 486 974 φυλάξαντες
497 897 563 964 τούς
575 900 748 978 Σμυρναίους
760 899 845 978 ἅρπην
858 899 909 971 ἔξω

93 987 212 1064 τείχεος
231 987 410 1064 ποιευμένους
430 987 567 1067 Διονύσῳ,
589 987 639 1051 τιῖς
659 986 752 1050 πύλας
772 987 908 1065 ἀποκληί-

96 1097 207 1136 σαντες
229 1075 315 1152 έσχον
334 1074 386 1150 τὴν
401 1074 496 1134 πόλιν·
523 1073 730 1151 βοηθησόντων
747 1075 778 1134 δὲ
796 1075 907 1136 πόντων

94 1161 239 1233 Αἰολέων,
253 1162 392 1242 ὁμολογίῃ
406 1161 573 1241 ἐχρήσαντο,
583 1162 619 1221 τὰ
633 1163 738 1221 ἔπιπλα
749 1161 907 1224 ἀποδόντων

94 1253 161 1309 τῶν
180 1248 277 1310 Ἰώνων
293 1253 417 1310 ἐκλιπεῖν
433 1248 564 1328 Σμύρνην
581 1248 711 1312 Αἰολέας·
733 1249 909 1325 ποιησόντων

96 1335 135 1396 δὲ
156 1341 244 1397 ταῦτα
264 1338 433 1415 Σμυρναίων,
455 1335 637 1398 ε’πιδιείλοντό
657 1343 751 1413 σφεας
767 1339 797 1395 αἰ
813 1336 908 1396 ἕνδεκα

96 1424 212 1496 πόλιες,
239 1426 285 1485 καὶ
313 1424 483 1501 ἐποιήσαντο
508 1426 605 1501 σφέων
631 1424 735 1485 αὐτέων
760 1423 907 1500 πολιήτας.

95 1509 195 1572 Αὖται
213 1513 265 1589 μέν
277 1539 326 1573 νυν
339 1515 367 1572 αἰ
383 1511 561 1588 ἠπειρώτιδες
576 1512 704 1575 Αἰολιδες
717 1511 822 1583 πόλιες,
837 1512 887 1582 ἔξω
897 1515 952 1574 151

95 1604 161 1660 τῶν
181 1605 210 1662 ἐν
226 1605 263 1680 τῇ
276 1599 339 1679 Ἴδῃ
358 1601 519 1676 οἰκημένων·
541 1600 723 1679 κεχωρίδαται
740 1600 795 1681 γὰρ
815 1597 906 1661 αὗται·

98 1691 132 1749 αἰ
147 1687 178 1749 δὲ
190 1688 240 1753 τιῖς
252 1687 356 1766 νήσους
369 1688 493 1767 ἔχουσαι,
507 1690 590 1749 πέντε
602 1691 654 1765 μὲν
661 1687 760 1752 πόλιες
770 1687 823 1765 τήν
833 1688 908 1749 Λέσ-

97 1778 163 1853 βον
181 1778 323 1853 νέμονται·
348 1775 401 1853 τήν
417 1776 473 1857 γιῖρ
495 1777 577 1853 ἕκτην
593 1782 623 1837 έν
637 1781 674 1857 τῇ
694 1777 801 1857 Λέσβῳ
821 1780 908 1837 οἰκεο-

97 1867 192 1942 μένην
210 1864 353 1943 Ἀρίσβαν
373 1862 582 1941 ἠνδραπόδισαν
608 1866 790 1942 Μηθυμναῖοι
813 1864 909 1927 ἰόντας

98 1952 252 2030 ὁμαίμους·
272 1957 302 2013 έν
319 1952 424 2031 Τενέδῳ
442 1952 473 2011 δὲ
489 1952 543 2030 μία
562 1954 681 2013 οἰκέεται
700 1950 793 2023 πόλις,
813 1952 860 2011 καί
877 1956 909 2011 έν

98 2046 174 2121 τῇσι
185 2039 418 2117 Ἑκατοννῆσοισι
430 2042 619 2119 καλεομένῃσι
632 2039 709 2116 ἄλλη
721 2039 784 2116 μία.

145 2128 303 2205 Λεσβίοισι
315 2130 368 2206 μέν
380 2153 429 2189 νυν
442 2128 489 2187 καὶ
502 2128 665 2198 Τενεδίοισι,
673 2126 798 2203 κατάπερ
809 2124 909 2186 Ἰώνων

99 2220 183 2277 τοῖσι
201 2214 251 2279 ταῖς
271 2214 375 2292 νήσους
395 2216 502 2295 ἔχουσι,
519 2213 555 2291 ἦν
573 2212 662 2275 δεινόν
684 2212 774 2274 οὐδέν·
793 2216 863 2293 τῇσι
878 2213 909 2274 δὲ

99 2308 227 2383 λοιπῇσι
241 2302 343 2364 πόλισι
363 2303 426 2362 Ιέαδε
442 2307 521 2383 κοινῇ
532 2301 614 2362 Ἴωσι
633 2302 752 2363 ἔπεσθαι
763 2304 799 2380 τῇ
812 2298 847 2361 ἂν
862 2297 909 2361 οὗ·

99 2418 150 2454 τοι
168 2392 343 2473 ἐξηγέωνται.
375 2390 425 2454 Ὡς
440 2392 471 2451 δὲ
486 2389 620 2451 ἀπικέατο
641 2394 669 2453 ἐς
687 2388 740 2465 την
755 2386 888 2467 Σπάρτην
898 2390 956 2449 152

100 2484 161 2542 τῶν
180 2479 279 2541 Ἰιίνων
295 2480 342 2539 καὶ
360 2480 485 2539 Αἰολέων
503 2482 530 2539 οῖ
550 2478 677 2561 ἄγγελοι,
697 2476 781 2558 (κατὰ
799 2476 856 2559 γὰρ
874 2475 908 2553 δὴ

100 2567 192 2647 τάχος
211 2566 247 2643 ἦν
265 2572 354 2630 ταῦτα
373 2566 581 2647 πρησσόμενα)
602 2566 711 2626 εἵλοντο
726 2564 783 2643 πρό
799 2563 910 2624 πόντων

103 2656 201 2735 λέγειν
218 2655 268 2715 τόν
284 2656 408 2726 Φωκαέα,
425 2660 464 2733 τῷ
482 2653 589 2732 οὕνομα
607 2654 644 2730 ἦν
664 2652 823 2731 Πύθερμος·
846 2651 910 2712 ὁδὶ

102 2741 267 2821 πορφύρεόν
278 2768 310 2803 τε
323 2743 388 2821 εἰμα
405 2741 631 2821 περιβαλόμενος
644 2740 680 2804 ὦς
691 2739 727 2801 ιῖν
738 2738 910 2815 πυνθανόμε-

103 2854 151 2891 νοι
162 2833 295 2891 πλεῖστοι
309 2830 472 2891 συνέλθοιεν
485 2827 746 2908 Σπαρτιητέων,καί
759 2824 909 2894 καταστὰς,

106 2918 189 2998 ἔλεγε
207 2918 305 2977 πολλὰ
322 2918 465 2997 τιμωρέειν
488 2920 616 2977 ἑωυτοῖσι
630 2913 749 2993 χρῄζων·
774 2911 909 2973 Λακεδαι·

106 3004 199 3082 μόνιοι
212 3005 242 3065 δὲ
255 3003 287 3065 οὔ
302 3030 354 3069 κως
369 3004 480 3082 ἤκουον,
494 3003 560 3063 ἀλλ’
574 3001 694 3070 ἀπέδοξέ
705 3005 762 3076 σφι
773 2998 815 3076 μή
827 3022 909 3075 τιμω-

106 3091 275 3170 ρέεινἾωσι.
303 3096 330 3152 οῖ
343 3090 681 3171 μὲνδηόπαλλόσσοντο·
695 3086 911 3163 Λακεδαιμόνιοι

108 3179 138 3239 δί
150 3179 332 3258 ἀπωσόμενοι
345 3184 400 3243 τιῖν
412 3180 510 3240 Ἰώνων
522 3178 588 3242 τούς
601 3176 746 3259 ἀγγέλους,
757 3172 831 3251 ὅμως
843 3172 909 3233 ἆσέ·

108 3271 227 3330 στειλαν
248 3268 454 3348 πεντηκοντέρῳ
474 3265 584 3344 ἄνδρας,
603 3264 639 3328 ιῖς
656 3266 710 3341 μὲν
729 3261 793 3329 ε’μοί
811 3259 908 3336 δοκέει,
