<?xml version="1.0" encoding="UTF-8"?>
<!DOCTYPE html PUBLIC "-//W3C//DTD XHTML 1.0 Transitional//EN"
    "http://www.w3.org/TR/xhtml1/DTD/xhtml1-transitional.dtd">
<html xmlns="http://www.w3.org/1999/xhtml" xml:lang="en" lang="en">
 <head>
  <title>
</title>
<meta http-equiv="Content-Type" content="text/html;charset=utf-8" />
  <meta name='ocr-system' content='tesseract 3.04.00' />
  <meta name='ocr-capabilities' content='ocr_page ocr_carea ocr_par ocr_line ocrx_word'/>
</head>
<body>
  <div class='ocr_page' id='page_1' title='image "./herodotus00blakgoog_0365.png"; bbox 0 0 2150 3500; ppageno 0'>
   <div class='ocr_carea' id='block_1_1' title="bbox 97 97 1052 3298">
    <p class='ocr_par' dir='ltr' id='par_1_1' title="bbox 159 97 1052 1748">
     <span class='ocr_line' id='line_1_1' title="bbox 163 97 971 164; baseline -0.006 -10"><span class='ocrx_word' id='word_1_1' title='bbox 163 107 212 154; x_wconf 75' lang='grc' dir='ltr'>ιιι</span> <span class='ocrx_word' id='word_1_2' title='bbox 480 97 663 148; x_wconf 71' lang='grc' dir='ltr'>Ἧνοοοτοτ</span> <span class='ocrx_word' id='word_1_3' title='bbox 907 98 971 164; x_wconf 87' lang='lat' dir='ltr'><strong>[1v.</strong></span> 
     </span>
     <span class='ocr_line' id='line_1_2' title="bbox 161 177 973 260; baseline -0.009 -16"><span class='ocrx_word' id='word_1_4' title='bbox 161 209 208 246; x_wconf 93' lang='grc' dir='ltr'>τες</span> <span class='ocrx_word' id='word_1_5' title='bbox 220 183 310 246; x_wconf 85' lang='grc' dir='ltr'>ἐόντες</span> <span class='ocrx_word' id='word_1_6' title='bbox 324 180 509 260; x_wconf 80' lang='grc' dir='ltr'>καρποφόροι·</span> <span class='ocrx_word' id='word_1_7' title='bbox 525 177 590 241; x_wconf 76' lang='grc' dir='ltr'>τούς</span> <span class='ocrx_word' id='word_1_8' title='bbox 603 177 633 236; x_wconf 78' lang='grc' dir='ltr'>δὲ</span> <span class='ocrx_word' id='word_1_9' title='bbox 643 177 818 253; x_wconf 77' lang='grc' dir='ltr'>ἀττελέβους</span> <span class='ocrx_word' id='word_1_10' title='bbox 827 177 914 238; x_wconf 85' lang='grc' dir='ltr'>ἐπεάν</span> <span class='ocrx_word' id='word_1_11' title='bbox 924 180 973 254; x_wconf 89' lang='grc' dir='ltr'>θη-</span> 
     </span>
     <span class='ocr_line' id='line_1_3' title="bbox 162 265 972 348; baseline -0.007 -18"><span class='ocrx_word' id='word_1_12' title='bbox 162 271 294 348; x_wconf 87' lang='grc' dir='ltr'>ρεύσωσι,</span> <span class='ocrx_word' id='word_1_13' title='bbox 313 269 460 348; x_wconf 71' lang='grc' dir='ltr'>αὐήναντες</span> <span class='ocrx_word' id='word_1_14' title='bbox 478 268 549 345; x_wconf 85' lang='grc' dir='ltr'>πράς</span> <span class='ocrx_word' id='word_1_15' title='bbox 566 266 617 326; x_wconf 82' lang='grc' dir='ltr'>τόν</span> <span class='ocrx_word' id='word_1_16' title='bbox 630 265 712 340; x_wconf 82' lang='grc' dir='ltr'>ἥλιον</span> <span class='ocrx_word' id='word_1_17' title='bbox 726 267 910 336; x_wconf 82' lang='grc' dir='ltr'>καταλέουσι,</span> <span class='ocrx_word' id='word_1_18' title='bbox 924 269 972 332; x_wconf 71' lang='grc' dir='ltr'>καὶ</span> 
     </span>
     <span class='ocr_line' id='line_1_4' title="bbox 163 353 972 438; baseline -0.002 -22"><span class='ocrx_word' id='word_1_19' title='bbox 163 358 258 417; x_wconf 79' lang='grc' dir='ltr'>ἔπειτα</span> <span class='ocrx_word' id='word_1_20' title='bbox 271 359 318 417; x_wconf 81' lang='grc' dir='ltr'>ἐπὶ</span> <span class='ocrx_word' id='word_1_21' title='bbox 330 357 407 438; x_wconf 85' lang='grc' dir='ltr'>γάλα</span> <span class='ocrx_word' id='word_1_22' title='bbox 425 356 632 418; x_wconf 76' lang='grc' dir='ltr'>ἐπιπάσσοντες</span> <span class='ocrx_word' id='word_1_23' title='bbox 647 353 772 414; x_wconf 86' lang='grc' dir='ltr'>πίνουσι·</span> <span class='ocrx_word' id='word_1_24' title='bbox 793 359 928 433; x_wconf 84' lang='grc' dir='ltr'>γυναῖκας</span> <span class='ocrx_word' id='word_1_25' title='bbox 942 357 972 414; x_wconf 84' lang='grc' dir='ltr'>δέ</span> 
     </span>
     <span class='ocr_line' id='line_1_5' title="bbox 162 441 974 521; baseline -0.001 -18"><span class='ocrx_word' id='word_1_26' title='bbox 162 447 319 521; x_wconf 84' lang='grc' dir='ltr'>νομίζοντες</span> <span class='ocrx_word' id='word_1_27' title='bbox 338 444 450 506; x_wconf 85' lang='grc' dir='ltr'>πολλάς</span> <span class='ocrx_word' id='word_1_28' title='bbox 470 445 543 521; x_wconf 85' lang='grc' dir='ltr'>ἐχειν</span> <span class='ocrx_word' id='word_1_29' title='bbox 563 443 688 511; x_wconf 79' lang='grc' dir='ltr'>ἕκαστος,</span> <span class='ocrx_word' id='word_1_30' title='bbox 708 443 848 501; x_wconf 82' lang='grc' dir='ltr'>ἐπίκοινον</span> <span class='ocrx_word' id='word_1_31' title='bbox 867 441 974 508; x_wconf 72' lang='grc' dir='ltr'>αὐτέων</span> 
     </span>
     <span class='ocr_line' id='line_1_6' title="bbox 162 529 971 609; baseline -0.004 -19"><span class='ocrx_word' id='word_1_32' title='bbox 162 532 214 607; x_wconf 80' lang='grc' dir='ltr'>τήν</span> <span class='ocrx_word' id='word_1_33' title='bbox 239 532 316 607; x_wconf 78' lang='grc' dir='ltr'>μίξιν</span> <span class='ocrx_word' id='word_1_34' title='bbox 345 536 488 590; x_wconf 83' lang='grc' dir='ltr'>ποιεῦνται</span> <span class='ocrx_word' id='word_1_35' title='bbox 516 529 610 609; x_wconf 80' lang='grc' dir='ltr'>τρόπῳ</span> <span class='ocrx_word' id='word_1_36' title='bbox 637 530 830 608; x_wconf 70' lang='grc' dir='ltr'>παραπλησίῳ</span> <span class='ocrx_word' id='word_1_37' title='bbox 857 533 897 608; x_wconf 77' lang='grc' dir='ltr'>τῷ</span> <span class='ocrx_word' id='word_1_38' title='bbox 923 531 971 597; x_wconf 81' lang='grc' dir='ltr'>καὶ</span> 
     </span>
     <span class='ocr_line' id='line_1_7' title="bbox 162 616 969 699; baseline 0.001 -23"><span class='ocrx_word' id='word_1_39' title='bbox 162 618 363 699; x_wconf 79' lang='grc' dir='ltr'>Μασσαγέται·</span> <span class='ocrx_word' id='word_1_40' title='bbox 379 618 462 678; x_wconf 87' lang='grc' dir='ltr'>ἐπεοὶν</span> <span class='ocrx_word' id='word_1_41' title='bbox 472 619 599 677; x_wconf 90' lang='grc' dir='ltr'>σκίπωνα</span> <span class='ocrx_word' id='word_1_42' title='bbox 609 616 836 694; x_wconf 79' lang='grc' dir='ltr'>προστήσωνται,</span> <span class='ocrx_word' id='word_1_43' title='bbox 849 619 969 697; x_wconf 59' lang='grc' dir='ltr'>μίσγοω</span> 
     </span>
     <span class='ocr_line' id='line_1_8' title="bbox 162 703 971 784; baseline 0 -20"><span class='ocrx_word' id='word_1_44' title='bbox 162 728 218 764; x_wconf 87' lang='grc' dir='ltr'>ται·</span> <span class='ocrx_word' id='word_1_45' title='bbox 238 708 350 780; x_wconf 76' lang='grc' dir='ltr'>πρῶτον</span> <span class='ocrx_word' id='word_1_46' title='bbox 363 705 398 780; x_wconf 82' lang='grc' dir='ltr'>δή</span> <span class='ocrx_word' id='word_1_47' title='bbox 411 706 565 784; x_wconf 81' lang='grc' dir='ltr'>γαμέοντος</span> <span class='ocrx_word' id='word_1_48' title='bbox 574 709 754 780; x_wconf 78' lang='grc' dir='ltr'>Νασαμῶνος</span> <span class='ocrx_word' id='word_1_49' title='bbox 763 703 872 780; x_wconf 81' lang='grc' dir='ltr'>ἀνδρός,</span> <span class='ocrx_word' id='word_1_50' title='bbox 884 704 971 781; x_wconf 89' lang='grc' dir='ltr'>νόμος</span> 
     </span>
     <span class='ocr_line' id='line_1_9' title="bbox 163 789 968 870; baseline 0.004 -21"><span class='ocrx_word' id='word_1_51' title='bbox 163 792 225 850; x_wconf 83' lang='grc' dir='ltr'>ἐστὶ</span> <span class='ocrx_word' id='word_1_52' title='bbox 236 791 289 867; x_wconf 80' lang='grc' dir='ltr'>τήν</span> <span class='ocrx_word' id='word_1_53' title='bbox 303 792 416 869; x_wconf 90' lang='grc' dir='ltr'>νύμφην</span> <span class='ocrx_word' id='word_1_54' title='bbox 429 793 507 851; x_wconf 82' lang='grc' dir='ltr'>νυκτὶ</span> <span class='ocrx_word' id='word_1_55' title='bbox 519 796 556 870; x_wconf 86' lang='grc' dir='ltr'>τῇ</span> <span class='ocrx_word' id='word_1_56' title='bbox 569 792 665 870; x_wconf 73' lang='grc' dir='ltr'>πρώτη</span> <span class='ocrx_word' id='word_1_57' title='bbox 676 789 721 850; x_wconf 89' lang='grc' dir='ltr'>διά</span> <span class='ocrx_word' id='word_1_58' title='bbox 733 791 845 851; x_wconf 78' lang='grc' dir='ltr'>πάντων</span> <span class='ocrx_word' id='word_1_59' title='bbox 863 792 968 861; x_wconf 81' lang='grc' dir='ltr'>διεξελ-</span> 
     </span>
     <span class='ocr_line' id='line_1_10' title="bbox 162 878 969 959; baseline 0.002 -21"><span class='ocrx_word' id='word_1_60' title='bbox 162 880 222 938; x_wconf 81' lang='grc' dir='ltr'>θεῖν</span> <span class='ocrx_word' id='word_1_61' title='bbox 234 883 290 940; x_wconf 77' lang='grc' dir='ltr'>τῶν</span> <span class='ocrx_word' id='word_1_62' title='bbox 303 878 473 956; x_wconf 82' lang='grc' dir='ltr'>δαιτυμόνων</span> <span class='ocrx_word' id='word_1_63' title='bbox 485 880 670 959; x_wconf 73' lang='grc' dir='ltr'>μισγομένην</span> <span class='ocrx_word' id='word_1_64' title='bbox 686 882 742 939; x_wconf 77' lang='grc' dir='ltr'>τῶν</span> <span class='ocrx_word' id='word_1_65' title='bbox 755 879 784 937; x_wconf 80' lang='grc' dir='ltr'>δὲ</span> <span class='ocrx_word' id='word_1_66' title='bbox 799 878 835 941; x_wconf 65' lang='grc' dir='ltr'>οἷς</span> <span class='ocrx_word' id='word_1_67' title='bbox 848 880 969 944; x_wconf 80' lang='grc' dir='ltr'>ἔκαστός</span> 
     </span>
     <span class='ocr_line' id='line_1_11' title="bbox 163 965 1052 1046; baseline 0.004 -22"><span class='ocrx_word' id='word_1_68' title='bbox 163 969 191 1025; x_wconf 81' lang='grc' dir='ltr'>οἱ</span> <span class='ocrx_word' id='word_1_69' title='bbox 203 968 302 1046; x_wconf 82' lang='grc' dir='ltr'>μιχθῇ,</span> <span class='ocrx_word' id='word_1_70' title='bbox 316 967 388 1026; x_wconf 83' lang='grc' dir='ltr'>διδοῖ</span> <span class='ocrx_word' id='word_1_71' title='bbox 400 967 488 1042; x_wconf 85' lang='grc' dir='ltr'>δῶρον</span> <span class='ocrx_word' id='word_1_72' title='bbox 499 965 533 1026; x_wconf 80' lang='grc' dir='ltr'>τό</span> <span class='ocrx_word' id='word_1_73' title='bbox 548 965 582 1026; x_wconf 83' lang='grc' dir='ltr'>ἂν</span> <span class='ocrx_word' id='word_1_74' title='bbox 596 967 646 1045; x_wconf 84' lang='grc' dir='ltr'>ἐχῃ</span> <span class='ocrx_word' id='word_1_75' title='bbox 665 966 820 1043; x_wconf 85' lang='grc' dir='ltr'>φερόμενος</span> <span class='ocrx_word' id='word_1_76' title='bbox 834 967 866 1036; x_wconf 81' lang='grc' dir='ltr'>ἐξ</span> <span class='ocrx_word' id='word_1_77' title='bbox 879 969 967 1028; x_wconf 80' lang='grc' dir='ltr'>οἴκου·</span> <span class='ocrx_word' id='word_1_78' title='bbox 1048 999 1052 1006; x_wconf 93' lang='grc'>·</span> 
     </span>
     <span class='ocr_line' id='line_1_12' title="bbox 162 1053 968 1132; baseline 0.004 -20"><span class='ocrx_word' id='word_1_79' title='bbox 162 1053 284 1130; x_wconf 78' lang='grc' dir='ltr'>ὁρκίοισι</span> <span class='ocrx_word' id='word_1_80' title='bbox 302 1054 332 1113; x_wconf 86' lang='grc' dir='ltr'>δέ</span> <span class='ocrx_word' id='word_1_81' title='bbox 350 1054 396 1112; x_wconf 82' lang='grc' dir='ltr'>καὶ</span> <span class='ocrx_word' id='word_1_82' title='bbox 413 1057 532 1130; x_wconf 80' lang='grc' dir='ltr'>μαντικῇ</span> <span class='ocrx_word' id='word_1_83' title='bbox 551 1054 686 1132; x_wconf 88' lang='grc' dir='ltr'>χρέωνται</span> <span class='ocrx_word' id='word_1_84' title='bbox 703 1053 807 1130; x_wconf 79' lang='grc' dir='ltr'>τοιῇδε·</span> <span class='ocrx_word' id='word_1_85' title='bbox 829 1053 968 1129; x_wconf 78' lang='grc' dir='ltr'>ὀμνύουσι</span> 
     </span>
     <span class='ocr_line' id='line_1_13' title="bbox 160 1140 966 1218; baseline 0.002 -18"><span class='ocrx_word' id='word_1_86' title='bbox 160 1142 213 1218; x_wconf 79' lang='grc' dir='ltr'>μέν</span> <span class='ocrx_word' id='word_1_87' title='bbox 227 1140 296 1216; x_wconf 29' lang='grc' dir='ltr'>τούς,</span> <span class='ocrx_word' id='word_1_88' title='bbox 309 1141 387 1218; x_wconf 89' lang='grc' dir='ltr'>παρά</span> <span class='ocrx_word' id='word_1_89' title='bbox 402 1140 491 1216; x_wconf 84' lang='grc' dir='ltr'>σφίσι</span> <span class='ocrx_word' id='word_1_90' title='bbox 508 1141 610 1218; x_wconf 78' lang='grc' dir='ltr'>ἄνδρας</span> <span class='ocrx_word' id='word_1_91' title='bbox 622 1140 811 1204; x_wconf 79' lang='grc' dir='ltr'>δικαιοτάτους</span> <span class='ocrx_word' id='word_1_92' title='bbox 824 1142 872 1199; x_wconf 87' lang='grc' dir='ltr'>καὶ</span> <span class='ocrx_word' id='word_1_93' title='bbox 885 1142 966 1218; x_wconf 85' lang='grc' dir='ltr'>ἀρίσ·</span> 
     </span>
     <span class='ocr_line' id='line_1_14' title="bbox 160 1227 966 1309; baseline 0.002 -21"><span class='ocrx_word' id='word_1_94' title='bbox 160 1253 226 1292; x_wconf 91' lang='grc' dir='ltr'>τους</span> <span class='ocrx_word' id='word_1_95' title='bbox 238 1231 407 1309; x_wconf 78' lang='grc' dir='ltr'>λεγομένους</span> <span class='ocrx_word' id='word_1_96' title='bbox 418 1229 559 1309; x_wconf 89' lang='grc' dir='ltr'>γενέσθαι,</span> <span class='ocrx_word' id='word_1_97' title='bbox 573 1228 694 1297; x_wconf 83' lang='grc' dir='ltr'>τούτους,</span> <span class='ocrx_word' id='word_1_98' title='bbox 708 1231 764 1288; x_wconf 81' lang='grc' dir='ltr'>τῶν</span> <span class='ocrx_word' id='word_1_99' title='bbox 780 1227 900 1305; x_wconf 80' lang='grc' dir='ltr'>τύμβων</span> <span class='ocrx_word' id='word_1_100' title='bbox 913 1229 966 1290; x_wconf 87' lang='grc' dir='ltr'>ἀπ-</span> 
     </span>
     <span class='ocr_line' id='line_1_15' title="bbox 160 1313 967 1394; baseline 0.002 -18"><span class='ocrx_word' id='word_1_101' title='bbox 160 1315 283 1393; x_wconf 87' lang='grc' dir='ltr'>τόμενοι·</span> <span class='ocrx_word' id='word_1_102' title='bbox 303 1315 485 1393; x_wconf 77' lang='grc' dir='ltr'>μαντεύονται</span> <span class='ocrx_word' id='word_1_103' title='bbox 498 1314 527 1375; x_wconf 79' lang='grc' dir='ltr'>δὲ</span> <span class='ocrx_word' id='word_1_104' title='bbox 543 1315 659 1376; x_wconf 75' lang='grc' dir='ltr'>ἐπὶτῶν</span> <span class='ocrx_word' id='word_1_105' title='bbox 674 1313 820 1394; x_wconf 89' lang='grc' dir='ltr'>προγόνων</span> <span class='ocrx_word' id='word_1_106' title='bbox 837 1319 967 1392; x_wconf 87' lang='grc' dir='ltr'>φοιτέον-</span> 
     </span>
     <span class='ocr_line' id='line_1_16' title="bbox 162 1403 966 1481; baseline 0.004 -18"><span class='ocrx_word' id='word_1_107' title='bbox 162 1429 208 1467; x_wconf 88' lang='grc' dir='ltr'>τες</span> <span class='ocrx_word' id='word_1_108' title='bbox 219 1404 256 1464; x_wconf 90' lang='grc' dir='ltr'>τά</span> <span class='ocrx_word' id='word_1_109' title='bbox 268 1405 392 1481; x_wconf 82' lang='grc' dir='ltr'>σήματα,</span> <span class='ocrx_word' id='word_1_110' title='bbox 404 1403 450 1463; x_wconf 82' lang='grc' dir='ltr'>καὶ</span> <span class='ocrx_word' id='word_1_111' title='bbox 463 1403 660 1480; x_wconf 79' lang='grc' dir='ltr'>κατευξάμενοι</span> <span class='ocrx_word' id='word_1_112' title='bbox 673 1405 966 1479; x_wconf 81' lang='grc' dir='ltr'>ἐπικατακοιμέωνται·</span> 
     </span>
     <span class='ocr_line' id='line_1_17' title="bbox 160 1491 966 1572; baseline 0.005 -22"><span class='ocrx_word' id='word_1_113' title='bbox 160 1491 195 1551; x_wconf 86' lang='grc' dir='ltr'>τά</span> <span class='ocrx_word' id='word_1_114' title='bbox 209 1491 232 1551; x_wconf 79' lang='grc' dir='ltr'>δ’</span> <span class='ocrx_word' id='word_1_115' title='bbox 245 1492 279 1552; x_wconf 85' lang='grc' dir='ltr'>ἂν</span> <span class='ocrx_word' id='word_1_116' title='bbox 292 1493 337 1572; x_wconf 76' lang='grc' dir='ltr'>’ίδη</span> <span class='ocrx_word' id='word_1_117' title='bbox 350 1499 379 1553; x_wconf 88' lang='grc' dir='ltr'>ἐν</span> <span class='ocrx_word' id='word_1_118' title='bbox 391 1496 427 1571; x_wconf 90' lang='grc' dir='ltr'>τῇ</span> <span class='ocrx_word' id='word_1_119' title='bbox 439 1491 504 1570; x_wconf 79' lang='grc' dir='ltr'>ὄψει</span> <span class='ocrx_word' id='word_1_120' title='bbox 514 1491 649 1562; x_wconf 89' lang='grc' dir='ltr'>ἐνύπνιον,</span> <span class='ocrx_word' id='word_1_121' title='bbox 662 1491 751 1572; x_wconf 75' lang='grc' dir='ltr'>τούτῳ</span> <span class='ocrx_word' id='word_1_122' title='bbox 763 1496 875 1571; x_wconf 77' lang='grc' dir='ltr'>χρᾶται·</span> <span class='ocrx_word' id='word_1_123' title='bbox 896 1496 966 1554; x_wconf 89' lang='grc' dir='ltr'>πίσ-</span> 
     </span>
     <span class='ocr_line' id='line_1_18' title="bbox 159 1579 965 1658; baseline 0.007 -21"><span class='ocrx_word' id='word_1_124' title='bbox 159 1604 220 1637; x_wconf 92' lang='grc' dir='ltr'>τισι</span> <span class='ocrx_word' id='word_1_125' title='bbox 233 1579 262 1638; x_wconf 80' lang='grc' dir='ltr'>δέ</span> <span class='ocrx_word' id='word_1_126' title='bbox 275 1581 400 1658; x_wconf 79' lang='grc' dir='ltr'>τοιῇσιδε</span> <span class='ocrx_word' id='word_1_127' title='bbox 417 1581 562 1658; x_wconf 88' lang='grc' dir='ltr'>χρέωνται·</span> <span class='ocrx_word' id='word_1_128' title='bbox 583 1583 614 1639; x_wconf 90' lang='grc' dir='ltr'>ἐκ</span> <span class='ocrx_word' id='word_1_129' title='bbox 626 1584 676 1655; x_wconf 83' lang='grc' dir='ltr'>τῆς</span> <span class='ocrx_word' id='word_1_130' title='bbox 688 1581 782 1658; x_wconf 83' lang='grc' dir='ltr'>χειρός</span> <span class='ocrx_word' id='word_1_131' title='bbox 795 1579 867 1639; x_wconf 82' lang='grc' dir='ltr'>διδοῖ</span> <span class='ocrx_word' id='word_1_132' title='bbox 879 1587 965 1654; x_wconf 81' lang='grc' dir='ltr'>πιεῖν,</span> 
     </span>
     <span class='ocr_line' id='line_1_19' title="bbox 160 1665 966 1748; baseline 0.011 -27"><span class='ocrx_word' id='word_1_133' title='bbox 160 1665 207 1723; x_wconf 84' lang='grc' dir='ltr'>καὶ</span> <span class='ocrx_word' id='word_1_134' title='bbox 223 1665 306 1729; x_wconf 84' lang='grc' dir='ltr'>αύτάς</span> <span class='ocrx_word' id='word_1_135' title='bbox 322 1671 352 1725; x_wconf 85' lang='grc' dir='ltr'>ἐκ</span> <span class='ocrx_word' id='word_1_136' title='bbox 368 1671 419 1742; x_wconf 83' lang='grc' dir='ltr'>τῇς</span> <span class='ocrx_word' id='word_1_137' title='bbox 436 1671 486 1727; x_wconf 84' lang='grc' dir='ltr'>τοῦ</span> <span class='ocrx_word' id='word_1_138' title='bbox 504 1667 598 1743; x_wconf 84' lang='grc' dir='ltr'>ἐτέρου</span> <span class='ocrx_word' id='word_1_139' title='bbox 615 1667 697 1728; x_wconf 89' lang='grc' dir='ltr'>πίνει·</span> <span class='ocrx_word' id='word_1_140' title='bbox 722 1665 756 1742; x_wconf 79' lang='grc' dir='ltr'>ἢν</span> <span class='ocrx_word' id='word_1_141' title='bbox 772 1666 802 1725; x_wconf 82' lang='grc' dir='ltr'>δὲ</span> <span class='ocrx_word' id='word_1_142' title='bbox 816 1667 857 1743; x_wconf 78' lang='grc' dir='ltr'>μή</span> <span class='ocrx_word' id='word_1_143' title='bbox 876 1669 966 1748; x_wconf 81' lang='grc' dir='ltr'>ἔχωσι</span> 
     </span>
    </p>

    <p class='ocr_par' dir='ltr' id='par_1_2' title="bbox 97 1748 966 1919">
     <span class='ocr_line' id='line_1_20' title="bbox 97 1748 966 1834; baseline 0.008 -23"><span class='ocrx_word' id='word_1_144' title='bbox 97 1748 103 1757; x_wconf 56' lang='grc'><strong>’</strong></span> <span class='ocrx_word' id='word_1_145' title='bbox 158 1752 245 1832; x_wconf 69' lang='grc' dir='ltr'>ἀγρόν</span> <span class='ocrx_word' id='word_1_146' title='bbox 264 1754 360 1829; x_wconf 69' lang='grc' dir='ltr'>μηδὲν,</span> <span class='ocrx_word' id='word_1_147' title='bbox 380 1758 408 1815; x_wconf 86' lang='grc' dir='ltr'>οἱ</span> <span class='ocrx_word' id='word_1_148' title='bbox 427 1754 457 1814; x_wconf 85' lang='grc' dir='ltr'>δὲ</span> <span class='ocrx_word' id='word_1_149' title='bbox 477 1759 527 1831; x_wconf 86' lang='grc' dir='ltr'>τῇς</span> <span class='ocrx_word' id='word_1_150' title='bbox 546 1756 674 1834; x_wconf 79' lang='grc' dir='ltr'>χαμάθεν</span> <span class='ocrx_word' id='word_1_151' title='bbox 693 1756 804 1815; x_wconf 82' lang='grc' dir='ltr'>σποδοῦ</span> <span class='ocrx_word' id='word_1_152' title='bbox 821 1758 966 1832; x_wconf 86' lang='grc' dir='ltr'>λαβόντες</span> 
     </span>
     <span class='ocr_line' id='line_1_21' title="bbox 160 1841 300 1919; baseline 0.021 -21"><span class='ocrx_word' id='word_1_153' title='bbox 160 1841 300 1919; x_wconf 87' lang='grc' dir='ltr'>λείχουσι.</span> 
     </span>
    </p>

    <p class='ocr_par' dir='ltr' id='par_1_3' title="bbox 113 1928 966 2622">
     <span class='ocr_line' id='line_1_22' title="bbox 113 1928 965 2010; baseline 0.011 -24"><span class='ocrx_word' id='word_1_154' title='bbox 113 1928 171 1987; x_wconf 83' lang='grc'>173</span> <span class='ocrx_word' id='word_1_155' title='bbox 213 1932 377 2007; x_wconf 75' lang='grc' dir='ltr'>Νασαμῶσι</span> <span class='ocrx_word' id='word_1_156' title='bbox 395 1929 425 1990; x_wconf 78' lang='grc' dir='ltr'>δὲ</span> <span class='ocrx_word' id='word_1_157' title='bbox 442 1931 639 2010; x_wconf 88' lang='grc' dir='ltr'>προσόμουροί</span> <span class='ocrx_word' id='word_1_158' title='bbox 653 1934 709 1991; x_wconf 81' lang='grc' dir='ltr'>εἶσι</span> <span class='ocrx_word' id='word_1_159' title='bbox 720 1931 840 1991; x_wconf 80' lang='grc' dir='ltr'>Ψύλλοι.</span> <span class='ocrx_word' id='word_1_160' title='bbox 883 1930 965 1995; x_wconf 70' lang='grc' dir='ltr'>οὗτοι</span> 
     </span>
     <span class='ocr_line' id='line_1_23' title="bbox 160 2015 965 2098; baseline 0.009 -23"><span class='ocrx_word' id='word_1_161' title='bbox 160 2015 360 2086; x_wconf 75' lang='grc' dir='ltr'>ἐξαπολώλασι</span> <span class='ocrx_word' id='word_1_162' title='bbox 385 2018 480 2098; x_wconf 79' lang='grc' dir='ltr'>τρόπῳ</span> <span class='ocrx_word' id='word_1_163' title='bbox 503 2020 608 2097; x_wconf 76' lang='grc' dir='ltr'>τοιῷδε·</span> <span class='ocrx_word' id='word_1_164' title='bbox 639 2018 657 2079; x_wconf 81' lang='grc' dir='ltr'><em>ὅ</em></span> <span class='ocrx_word' id='word_1_165' title='bbox 683 2018 762 2081; x_wconf 82' lang='grc' dir='ltr'>νότος</span> <span class='ocrx_word' id='word_1_166' title='bbox 787 2025 844 2094; x_wconf 88' lang='grc' dir='ltr'>σφι</span> <span class='ocrx_word' id='word_1_167' title='bbox 871 2022 965 2082; x_wconf 84' lang='grc' dir='ltr'>πνέων</span> 
     </span>
     <span class='ocr_line' id='line_1_24' title="bbox 158 2103 964 2187; baseline 0.001 -22"><span class='ocrx_word' id='word_1_168' title='bbox 158 2103 260 2184; x_wconf 78' lang='grc' dir='ltr'>ἄνεμος</span> <span class='ocrx_word' id='word_1_169' title='bbox 278 2105 314 2168; x_wconf 85' lang='grc' dir='ltr'>τά</span> <span class='ocrx_word' id='word_1_170' title='bbox 334 2106 438 2185; x_wconf 78' lang='grc' dir='ltr'>ἔλυτρα</span> <span class='ocrx_word' id='word_1_171' title='bbox 456 2110 512 2169; x_wconf 77' lang='grc' dir='ltr'>τῶν</span> <span class='ocrx_word' id='word_1_172' title='bbox 528 2106 635 2167; x_wconf 84' lang='grc' dir='ltr'>ύδάτων</span> <span class='ocrx_word' id='word_1_173' title='bbox 653 2105 775 2184; x_wconf 76' lang='grc' dir='ltr'>ἐξηύηνε·</span> <span class='ocrx_word' id='word_1_174' title='bbox 799 2106 866 2182; x_wconf 81' lang='grc' dir='ltr'>ἡδέ</span> <span class='ocrx_word' id='word_1_175' title='bbox 882 2107 964 2187; x_wconf 75' lang='grc' dir='ltr'>χώρη</span> 
     </span>
     <span class='ocr_line' id='line_1_25' title="bbox 160 2193 964 2272; baseline 0 -19"><span class='ocrx_word' id='word_1_176' title='bbox 160 2200 217 2271; x_wconf 92' lang='grc' dir='ltr'>σφι</span> <span class='ocrx_word' id='word_1_177' title='bbox 234 2199 316 2254; x_wconf 85' lang='grc' dir='ltr'>πάσα</span> <span class='ocrx_word' id='word_1_178' title='bbox 333 2194 411 2257; x_wconf 83' lang='grc' dir='ltr'>έντάς</span> <span class='ocrx_word' id='word_1_179' title='bbox 429 2199 516 2255; x_wconf 79' lang='grc' dir='ltr'>ἐοῦσα</span> <span class='ocrx_word' id='word_1_180' title='bbox 532 2198 584 2269; x_wconf 80' lang='grc' dir='ltr'>τῇς</span> <span class='ocrx_word' id='word_1_181' title='bbox 601 2193 726 2271; x_wconf 79' lang='grc' dir='ltr'>Σύρτιος,</span> <span class='ocrx_word' id='word_1_182' title='bbox 739 2193 775 2269; x_wconf 86' lang='grc' dir='ltr'>ἦν</span> <span class='ocrx_word' id='word_1_183' title='bbox 786 2194 914 2272; x_wconf 85' lang='grc' dir='ltr'>ἀνυδρος·</span> <span class='ocrx_word' id='word_1_184' title='bbox 936 2201 964 2257; x_wconf 76' lang='grc' dir='ltr'>οἱ</span> 
     </span>
     <span class='ocr_line' id='line_1_26' title="bbox 159 2280 964 2361; baseline 0.007 -22"><span class='ocrx_word' id='word_1_185' title='bbox 159 2280 197 2350; x_wconf 82' lang='grc' dir='ltr'>δὲ,</span> <span class='ocrx_word' id='word_1_186' title='bbox 210 2281 445 2360; x_wconf 79' lang='grc' dir='ltr'>βουλευσόμενοι,</span> <span class='ocrx_word' id='word_1_187' title='bbox 459 2286 539 2360; x_wconf 79' lang='grc' dir='ltr'>κοινῷ</span> <span class='ocrx_word' id='word_1_188' title='bbox 551 2281 627 2361; x_wconf 67' lang='grc' dir='ltr'>λόγῳ</span> <span class='ocrx_word' id='word_1_189' title='bbox 639 2281 838 2358; x_wconf 79' lang='grc' dir='ltr'>ἐστρατεύοντο</span> <span class='ocrx_word' id='word_1_190' title='bbox 852 2284 898 2342; x_wconf 86' lang='grc' dir='ltr'>ἐπὶ</span> <span class='ocrx_word' id='word_1_191' title='bbox 910 2284 964 2345; x_wconf 79' lang='grc' dir='ltr'>τόν</span> 
     </span>
     <span class='ocr_line' id='line_1_27' title="bbox 158 2368 966 2450; baseline 0.004 -22"><span class='ocrx_word' id='word_1_192' title='bbox 158 2368 252 2428; x_wconf 87' lang='grc' dir='ltr'>νότον·</span> <span class='ocrx_word' id='word_1_193' title='bbox 273 2369 359 2450; x_wconf 86' lang='grc' dir='ltr'>(λέγω</span> <span class='ocrx_word' id='word_1_194' title='bbox 372 2370 403 2429; x_wconf 77' lang='grc' dir='ltr'>δὲ</span> <span class='ocrx_word' id='word_1_195' title='bbox 415 2374 504 2429; x_wconf 83' lang='grc' dir='ltr'>ταῦτα</span> <span class='ocrx_word' id='word_1_196' title='bbox 515 2368 552 2429; x_wconf 87' lang='grc' dir='ltr'>τά</span> <span class='ocrx_word' id='word_1_197' title='bbox 564 2370 684 2449; x_wconf 87' lang='grc' dir='ltr'>λέγουσι</span> <span class='ocrx_word' id='word_1_198' title='bbox 696 2370 824 2450; x_wconf 70' lang='grc' dir='ltr'>Λίβυες)</span> <span class='ocrx_word' id='word_1_199' title='bbox 842 2370 889 2428; x_wconf 87' lang='grc' dir='ltr'>καὶ</span> <span class='ocrx_word' id='word_1_200' title='bbox 899 2374 966 2431; x_wconf 86' lang='grc' dir='ltr'>ἐπεί</span> 
     </span>
     <span class='ocr_line' id='line_1_28' title="bbox 158 2454 964 2535; baseline 0.006 -22"><span class='ocrx_word' id='word_1_201' title='bbox 158 2480 189 2513; x_wconf 90' lang='grc' dir='ltr'>τε</span> <span class='ocrx_word' id='word_1_202' title='bbox 202 2456 326 2534; x_wconf 83' lang='grc' dir='ltr'>ἐγίνοντο</span> <span class='ocrx_word' id='word_1_203' title='bbox 340 2461 369 2515; x_wconf 85' lang='grc' dir='ltr'>ἐν</span> <span class='ocrx_word' id='word_1_204' title='bbox 381 2460 417 2533; x_wconf 86' lang='grc' dir='ltr'>τῇ</span> <span class='ocrx_word' id='word_1_205' title='bbox 431 2455 545 2535; x_wconf 78' lang='grc' dir='ltr'>ψάμμιρ,</span> <span class='ocrx_word' id='word_1_206' title='bbox 556 2454 678 2519; x_wconf 82' lang='grc' dir='ltr'>πνεύσας</span> <span class='ocrx_word' id='word_1_207' title='bbox 691 2455 708 2516; x_wconf 85' lang='grc' dir='ltr'>ἀ</span> <span class='ocrx_word' id='word_1_208' title='bbox 722 2454 802 2519; x_wconf 85' lang='grc' dir='ltr'>νότος</span> <span class='ocrx_word' id='word_1_209' title='bbox 815 2457 964 2535; x_wconf 84' lang='grc' dir='ltr'>κατέχωσέ</span> 
     </span>
     <span class='ocr_line' id='line_1_29' title="bbox 157 2540 962 2622; baseline 0.01 -25"><span class='ocrx_word' id='word_1_210' title='bbox 157 2547 259 2615; x_wconf 86' lang='grc' dir='ltr'>σφεας·</span> <span class='ocrx_word' id='word_1_211' title='bbox 279 2540 492 2617; x_wconf 77' lang='grc' dir='ltr'>ἐξαπολομένων</span> <span class='ocrx_word' id='word_1_212' title='bbox 510 2543 540 2601; x_wconf 81' lang='grc' dir='ltr'>δὲ</span> <span class='ocrx_word' id='word_1_213' title='bbox 557 2541 668 2613; x_wconf 88' lang='grc' dir='ltr'>τούτων,</span> <span class='ocrx_word' id='word_1_214' title='bbox 682 2543 780 2621; x_wconf 82' lang='grc' dir='ltr'>έχουσι</span> <span class='ocrx_word' id='word_1_215' title='bbox 796 2543 848 2618; x_wconf 80' lang='grc' dir='ltr'>τήν</span> <span class='ocrx_word' id='word_1_216' title='bbox 865 2544 962 2622; x_wconf 81' lang='grc' dir='ltr'>χύρην</span> 
     </span>
    </p>

    <p class='ocr_par' dir='ltr' id='par_1_4' title="bbox 111 2628 962 2968">
     <span class='ocr_line' id='line_1_30' title="bbox 111 2628 962 2707; baseline 0.007 -21"><span class='ocrx_word' id='word_1_217' title='bbox 111 2630 168 2689; x_wconf 79' lang='grc'>174</span> <span class='ocrx_word' id='word_1_218' title='bbox 178 2630 205 2687; x_wconf 88' lang='grc' dir='ltr'>οἱ</span> <span class='ocrx_word' id='word_1_219' title='bbox 222 2631 406 2703; x_wconf 80' lang='grc' dir='ltr'>Νασαμῶνες.</span> <span class='ocrx_word' id='word_1_220' title='bbox 447 2628 558 2689; x_wconf 83' lang='grc' dir='ltr'>Τούτων</span> <span class='ocrx_word' id='word_1_221' title='bbox 575 2629 607 2688; x_wconf 82' lang='grc' dir='ltr'>δέ</span> <span class='ocrx_word' id='word_1_222' title='bbox 624 2629 778 2707; x_wconf 87' lang='grc' dir='ltr'>κατύπερθε</span> <span class='ocrx_word' id='word_1_223' title='bbox 792 2630 864 2705; x_wconf 83' lang='grc' dir='ltr'>πράς</span> <span class='ocrx_word' id='word_1_224' title='bbox 877 2630 962 2692; x_wconf 76' lang='grc' dir='ltr'>νότον</span> 
     </span>
     <span class='ocr_line' id='line_1_31' title="bbox 156 2713 961 2794; baseline 0.006 -20"><span class='ocrx_word' id='word_1_225' title='bbox 156 2713 266 2792; x_wconf 79' lang='grc' dir='ltr'>ἄνεμον,</span> <span class='ocrx_word' id='word_1_226' title='bbox 293 2719 323 2775; x_wconf 88' lang='grc' dir='ltr'>ἐν</span> <span class='ocrx_word' id='word_1_227' title='bbox 346 2718 384 2794; x_wconf 85' lang='grc' dir='ltr'>τῇ</span> <span class='ocrx_word' id='word_1_228' title='bbox 410 2716 537 2793; x_wconf 77' lang='grc' dir='ltr'>θηριούδεῖ</span> <span class='ocrx_word' id='word_1_229' title='bbox 563 2718 685 2778; x_wconf 80' lang='grc' dir='ltr'>οἰκέουσι</span> <span class='ocrx_word' id='word_1_230' title='bbox 708 2716 897 2794; x_wconf 72' lang='grc' dir='ltr'>Γαράμαντες·</span> <span class='ocrx_word' id='word_1_231' title='bbox 933 2719 961 2779; x_wconf 77' lang='grc' dir='ltr'>οἳ</span> 
     </span>
     <span class='ocr_line' id='line_1_32' title="bbox 157 2800 960 2884; baseline 0.004 -23"><span class='ocrx_word' id='word_1_232' title='bbox 157 2800 249 2863; x_wconf 75' lang='grc' dir='ltr'>πάντα</span> <span class='ocrx_word' id='word_1_233' title='bbox 267 2802 412 2881; x_wconf 77' lang='grc' dir='ltr'>ἄνθρωπον</span> <span class='ocrx_word' id='word_1_234' title='bbox 431 2802 571 2884; x_wconf 84' lang='grc' dir='ltr'>φεύγουσι</span> <span class='ocrx_word' id='word_1_235' title='bbox 583 2804 630 2863; x_wconf 88' lang='grc' dir='ltr'>καὶ</span> <span class='ocrx_word' id='word_1_236' title='bbox 646 2804 751 2868; x_wconf 80' lang='grc' dir='ltr'>παντός</span> <span class='ocrx_word' id='word_1_237' title='bbox 764 2803 890 2881; x_wconf 76' lang='grc' dir='ltr'>ὁμιλίην·</span> <span class='ocrx_word' id='word_1_238' title='bbox 911 2806 960 2864; x_wconf 88' lang='grc' dir='ltr'>καὶ</span> 
     </span>
     <span class='ocr_line' id='line_1_33' title="bbox 157 2888 960 2968; baseline 0.006 -22"><span class='ocrx_word' id='word_1_239' title='bbox 157 2888 221 2947; x_wconf 83' lang='grc' dir='ltr'>ούτε</span> <span class='ocrx_word' id='word_1_240' title='bbox 244 2888 336 2949; x_wconf 81' lang='grc' dir='ltr'>ὅπλον</span> <span class='ocrx_word' id='word_1_241' title='bbox 356 2892 483 2949; x_wconf 88' lang='grc' dir='ltr'>ἐκτέαται</span> <span class='ocrx_word' id='word_1_242' title='bbox 500 2889 599 2967; x_wconf 77' lang='grc' dir='ltr'>ἀρήϊον</span> <span class='ocrx_word' id='word_1_243' title='bbox 617 2890 696 2952; x_wconf 82' lang='grc' dir='ltr'>ούδέν</span> <span class='ocrx_word' id='word_1_244' title='bbox 717 2890 780 2952; x_wconf 69' lang='grc' dir='ltr'>οὔτε</span> <span class='ocrx_word' id='word_1_245' title='bbox 801 2890 960 2968; x_wconf 87' lang='grc' dir='ltr'>ἀμύνεσθαι</span> 
     </span>
    </p>

    <p class='ocr_par' dir='ltr' id='par_1_5' title="bbox 108 2974 960 3298">
     <span class='ocr_line' id='line_1_34' title="bbox 108 2974 959 3057; baseline 0.012 -30"><span class='ocrx_word' id='word_1_246' title='bbox 108 2974 346 3033; x_wconf 78' lang='grc' dir='ltr'>175έπιοπέαται.</span> <span class='ocrx_word' id='word_1_247' title='bbox 399 2974 487 3035; x_wconf 80' lang='grc' dir='ltr'>Οὗτοι</span> <span class='ocrx_word' id='word_1_248' title='bbox 512 2979 565 3052; x_wconf 77' lang='grc' dir='ltr'>μὲν</span> <span class='ocrx_word' id='word_1_249' title='bbox 590 2977 625 3053; x_wconf 83' lang='grc' dir='ltr'>δή</span> <span class='ocrx_word' id='word_1_250' title='bbox 652 2976 808 3057; x_wconf 86' lang='grc' dir='ltr'>κατύπερθε</span> <span class='ocrx_word' id='word_1_251' title='bbox 834 2979 959 3039; x_wconf 81' lang='grc' dir='ltr'>οἰκέουσι</span> 
     </span>
     <span class='ocr_line' id='line_1_35' title="bbox 156 3056 958 3143; baseline 0.015 -30"><span class='ocrx_word' id='word_1_252' title='bbox 156 3056 349 3132; x_wconf 73' lang='grc' dir='ltr'>Νασαμώνων·</span> <span class='ocrx_word' id='word_1_253' title='bbox 369 3060 403 3119; x_wconf 85' lang='grc' dir='ltr'>τό</span> <span class='ocrx_word' id='word_1_254' title='bbox 421 3061 452 3119; x_wconf 84' lang='grc' dir='ltr'>δέ</span> <span class='ocrx_word' id='word_1_255' title='bbox 468 3062 547 3138; x_wconf 88' lang='grc' dir='ltr'>παρά</span> <span class='ocrx_word' id='word_1_256' title='bbox 563 3062 615 3137; x_wconf 81' lang='grc' dir='ltr'>τήν</span> <span class='ocrx_word' id='word_1_257' title='bbox 633 3063 785 3124; x_wconf 80' lang='grc' dir='ltr'>θάλασσαν</span> <span class='ocrx_word' id='word_1_258' title='bbox 798 3064 911 3143; x_wconf 83' lang='grc' dir='ltr'>ἔχονται</span> <span class='ocrx_word' id='word_1_259' title='bbox 923 3065 958 3125; x_wconf 82' lang='grc' dir='ltr'>τό</span> 
     </span>
     <span class='ocr_line' id='line_1_36' title="bbox 151 3140 960 3228; baseline 0.021 -32"><span class='ocrx_word' id='word_1_260' title='bbox 151 3140 223 3211; x_wconf 81' lang='grc' dir='ltr'>πρός</span> <span class='ocrx_word' id='word_1_261' title='bbox 248 3144 369 3218; x_wconf 80' lang='grc' dir='ltr'>ἑσπέρης</span> <span class='ocrx_word' id='word_1_262' title='bbox 388 3145 496 3205; x_wconf 89' lang='grc' dir='ltr'>Μάκαι·</span> <span class='ocrx_word' id='word_1_263' title='bbox 516 3146 544 3206; x_wconf 77' lang='grc' dir='ltr'>οἳ</span> <span class='ocrx_word' id='word_1_264' title='bbox 563 3148 672 3223; x_wconf 87' lang='grc' dir='ltr'>λόφους</span> <span class='ocrx_word' id='word_1_265' title='bbox 693 3152 838 3227; x_wconf 86' lang='grc' dir='ltr'>κείρονται,</span> <span class='ocrx_word' id='word_1_266' title='bbox 855 3151 890 3212; x_wconf 85' lang='grc' dir='ltr'><em>τό</em></span> <span class='ocrx_word' id='word_1_267' title='bbox 904 3154 960 3228; x_wconf 77' lang='grc' dir='ltr'>μὲν</span> 
     </span>
     <span class='ocr_line' id='line_1_37' title="bbox 151 3222 958 3298; baseline 0.02 -21"><span class='ocrx_word' id='word_1_268' title='bbox 151 3222 243 3288; x_wconf 87' lang='grc' dir='ltr'>μέσον</span> <span class='ocrx_word' id='word_1_269' title='bbox 254 3229 310 3283; x_wconf 75' lang='grc' dir='ltr'>τῶν</span> <span class='ocrx_word' id='word_1_270' title='bbox 321 3233 428 3286; x_wconf 78' lang='grc' dir='ltr'>τοινῶν</span> <span class='ocrx_word' id='word_1_271' title='bbox 445 3229 565 3293; x_wconf 78' lang='grc' dir='ltr'>ἀνιέντες</span> <span class='ocrx_word' id='word_1_272' title='bbox 577 3232 714 3298; x_wconf 74' lang='grc' dir='ltr'>αὔξεσθαι</span> <span class='ocrx_word' id='word_1_273' title='bbox 725 3234 761 3293; x_wconf 83' lang='grc' dir='ltr'>τά</span> <span class='ocrx_word' id='word_1_274' title='bbox 775 3236 805 3293; x_wconf 77' lang='grc' dir='ltr'>δὲ</span> <span class='ocrx_word' id='word_1_275' title='bbox 819 3238 897 3297; x_wconf 80' lang='grc' dir='ltr'>ἔνθεν</span> <span class='ocrx_word' id='word_1_276' title='bbox 911 3238 958 3293; x_wconf 75' lang='grc' dir='ltr'>καὶ</span> 
     </span>
    </p>
   </div>
   <div class='ocr_carea' id='block_1_2' title="bbox 0 0 1080 3500">
    <p class='ocr_par' dir='ltr' id='par_1_6' title="bbox 0 0 1080 3500">
     <span class='ocr_line' id='line_1_38' title="bbox 0 0 1080 3500; baseline 0 2"><span class='ocrx_word' id='word_1_277' title='bbox 0 0 1080 3500; x_wconf 95' lang='lat' dir='ltr'> </span> 
     </span>
    </p>
   </div>
  </div>
 </body>
</html>
