2150 3500
193 98 244 149 ιιι
497 92 680 146 Ἦεοιουοι
950 83 1002 157 [11

190 178 284 237 λωτοῦ
294 174 396 237 τούτου
410 173 537 252 ἐδωδίμη,
551 172 598 234 καὶ
615 170 770 254 ἐγγλύσσει
785 171 943 244 ἐπιεικέως,
957 172 1002 233 ἐὸν

193 262 374 344 στρογμίλον
385 261 509 342 μέγαθος
522 259 594 321 κατά
606 265 710 338 μῆλον..
739 261 802 319 ἔστι
815 260 848 320 δὲ
863 260 914 318 καὶ
925 259 1001 320 ἀλλα

191 351 285 430 κρίνεα
299 350 408 428 ῥόδοισι
427 351 559 428 ἐμφερέα,
574 354 603 409 ἐν
615 353 654 428 τῷ
666 352 783 426 ποταμῷ
795 347 941 429 γινόμενα
958 351 1001 408 καὶ

190 443 287 509 ταῦτα,
298 439 330 508 ἐξ
341 436 379 498 ὧν
391 437 409 498 ἀ
422 438 528 515 καρπός
542 441 571 498 ἐν
584 436 661 516 ἀλλῃ
675 436 775 496 κάλυκι
787 439 1000 516 παραφυομένῃ

191 532 223 587 ἐκ
234 531 285 603 τῆς
297 527 374 604 ῥίζης
382 526 496 607 γίνεται,
508 525 592 605 κηρίῳ
602 527 721 600 σφηκῶν
731 524 806 599 ἰδέην
814 523 999 600 ὁμοιότατον·

191 619 221 676 ἐν
243 614 332 694 τούτῳ
350 612 459 692 τρωκτά
480 612 550 674 ὅσον
572 637 604 674 τε
623 612 715 688 πυρὴν
735 613 832 687 ἐλαίης
855 613 999 693 ἐγγίνεται

190 702 292 782 συχνά·
312 700 448 782 τρύγεται
460 701 491 760 δέ
507 701 553 760 καὶ
566 699 665 760 ἀπαλά
677 702 766 760 ταῦτα
782 701 829 759 καὶ
843 698 912 760 αὖα.
948 701 998 776 τὴν

191 790 222 850 δὲ
240 789 358 866 βύβλον
374 788 427 864 τὴν
447 787 570 848 ἐπέτειον
586 785 848 869 γινομένην,·ἐπεάν
866 787 997 848 ἀνασπά-

190 900 266 938 σωσι
278 880 309 934 ἐκ
321 879 377 936 τῶν
390 876 482 946 ἐλέων,
495 875 532 937 τά
545 877 597 953 μέν
610 874 664 935 ἀνω
680 874 766 950 αύτὴς
782 873 995 952 ἀποτάμνοντες

192 969 220 1028 ἐς
233 963 310 1023 ἀλλο
322 987 350 1023 τι
364 962 512 1040 τρέπουσι,
526 963 560 1024 τὰ
579 963 609 1023 δέ
627 961 700 1022 κάτω
717 963 909 1039 λελειμμένον
927 963 996 1024 ὅσον

190 1077 222 1112 τε
237 1052 283 1111 ἐπὶ
296 1054 391 1129 πὴχυν
405 1050 615 1132 τριύγουσακαὶ
632 1049 784 1110 πωλέουσι·
806 1049 833 1110 οἰ
851 1051 883 1110 δὲ
896 1049 935 1112 ἀν
951 1054 994 1112 καὶ

190 1139 279 1216 κάρτα
301 1138 461 1216 βούλωνται
483 1143 597 1218 χρηστῇ
619 1143 655 1218 τῇ
677 1137 783 1217 βύβλῳ
803 1140 946 1218 χρᾶσθαι,
967 1145 994 1201 ἐν

190 1227 316 1307 κλιβάνῳ
334 1227 465 1304 διαφανέϊ
481 1227 626 1296 πνίξαντες
643 1225 713 1285 οὕτω
728 1225 881 1307 τρώγουσι.
918 1231 947 1288 οἶ
966 1229 996 1288 δέ

189 1342 262 1381 τινες
285 1314 375 1377 αύτιΐιν
398 1316 468 1387 ζῶσι
494 1314 551 1375 ἀπά
574 1318 630 1376 τῶν
654 1313 755 1393 ἰχθύων
777 1313 899 1390 μούνων·
931 1317 993 1380 τούς

191 1404 276 1465 ἐπεάν
294 1403 411 1480 λάβωσι
430 1403 477 1462 καὶ
497 1403 615 1473 ἐξέλωσι
633 1401 685 1477 τὴν
705 1402 825 1478 κοιλίην,
844 1402 993 1465 αὐαίνουσι

190 1491 261 1569 πρός
272 1490 356 1568 ἥλιον
368 1492 415 1550 καὶ
428 1493 523 1551 ἔπειτα
536 1489 619 1556 αὔους
633 1489 728 1553 ἐόντας
741 1491 894 1551 σιτέονται.

144 1579 182 1639 93
231 1582 270 1639 Οί
289 1579 319 1637 δέ
335 1577 428 1657 ἰχθύες
444 1582 471 1638 οἱ
486 1577 617 1659 ἀγελαῖοι
633 1583 662 1638 ἐν
676 1580 728 1654 μὲν
741 1581 819 1638 τοῖσι
834 1581 993 1656 ποταμοῖσι

191 1665 225 1726 ού
241 1665 322 1743 μάλα
338 1667 471 1746 γίνονται·
490 1665 659 1744 τρεφόμενοι
679 1665 709 1725 δέ
728 1671 757 1726 ἐν
773 1669 841 1746 τῇσι
861 1667 991 1746 λίμνῃσι,

190 1754 283 1816 τοιάδε
290 1758 412 1814 ποιεῦσι·
426 1754 510 1815 ἐπεάν
517 1760 610 1830 σφεας
618 1755 682 1834 ἐσίῃ
692 1754 806 1831 οἶστρος
813 1754 990 1825 κυΐσκεσθαι,
1046 1810 1047 1815 ,

190 1840 330 1925 ἀγεληδόν
342 1840 502 1903 ἐκπλύουσι
518 1846 547 1905 ἐς
560 1843 613 1920 τὴν
629 1842 791 1904 θάλασσαν·
811 1842 948 1924 ἡγέονται
963 1844 992 1905 δέ

191 1934 219 1991 οἰ
234 1931 343 2008 ἔρσενες
358 1928 572 2008 ἀπορραίνοντες
584 1934 635 1992 τού
651 1932 746 2007 θοροῦ·
766 1933 797 1991 αἰ
809 1929 845 1989 δέ
857 1930 991 2009 ἑπόμεναι

190 2017 391 2092 ἀνακάπτουσι,
415 2018 463 2078 καὶ
484 2019 516 2089 ἐξ
539 2017 625 2079 αύτοῦ
649 2018 819 2079 κυίσκονται·
848 2019 937 2080 ἐπεάν
962 2021 992 2080 δέ

190 2107 310 2186 πλήρεες
322 2106 454 2189 γένωνται
464 2111 494 2168 ἐν
503 2109 539 2185 τῇ
548 2106 692 2185 θαλάσση,
703 2104 886 2165 ἀναπλώουσι
899 2105 991 2168 ὀπίσω
1045 2072 1046 2147 ἰ

191 2201 220 2260 ἐς
241 2197 312 2272 ἤθεα
333 2195 371 2257 τά
393 2199 498 2256 ἐωυτῶν
519 2194 644 2254 ἔκαστοι.
684 2193 815 2274 ἡγέονται
837 2194 938 2271 μέντοι
958 2222 991 2277 γε
1044 2204 1045 2235 ¹

190 2283 283 2344 ούκέτι
293 2287 319 2344 οἰ
332 2283 419 2353 αύτοί,
428 2282 506 2342 ἀλλά
515 2285 571 2342 τῶν
581 2282 688 2358 θηλέων
697 2282 804 2362 γίνεται
814 2281 834 2358 ἡ
844 2281 990 2363 ἡγεμονίη

190 2370 341 2450 ἡγεύμεναι
358 2370 388 2430 δέ
405 2369 554 2450 ἀγεληδόν,
567 2372 680 2429 ποιεῦσι
698 2367 758 2429 οἶόν
770 2394 824 2446 περ
838 2371 950 2431 ἐποίευν
964 2374 990 2431 οἰ
1043 2412 1044 2435 1

190 2459 308 2534 ἔρσενες·
334 2460 390 2517 τάν
408 2457 464 2537 γάρ
485 2456 545 2516 «mv
565 2456 768 2535 ἀπορραίνουσι
794 2456 855 2517 κατ’
874 2456 988 2540 ὀλίγους

189 2547 245 2605 τῶν
268 2544 445 2625 κέγχρων,οἰ
465 2543 495 2602 δέ
515 2545 625 2620 ἐρσενες
645 2546 829 2605 καταπίνουσι
849 2545 987 2623 ἑπόμενοι·

190 2631 246 2692 εἰσὶ
259 2631 289 2691 δέ
303 2635 330 2691 οἱ
343 2633 457 2712 κέγχροι
472 2628 550 2691 οὗτοι
566 2632 669 2712 ἰχθύες·
690 2637 721 2693 ἐκ
739 2633 769 2693 δέ
783 2636 838 2693 τῶν
851 2658 987 2715 περιγινο-

188 2720 278 2797 μένων
290 2720 336 2780 καί
350 2718 391 2796 μὴ
405 2721 628 2797 καταπινομένων
642 2720 766 2801 κέγχρων
778 2722 806 2781 οἱ
819 2721 986 2798 τρεφόμενοι

184 2801 283 2887 ’ἰχθύες
300 2808 433 2889 γίνονται.
467 2807 495 2867 οἰ
510 2807 534 2866 δ’
548 2806 583 2887 ἂν
597 2807 688 2868 αύτιδν
706 2807 800 2868 ἀλῶσι
817 2809 986 2875 ἐκπλώοντες

188 2900 217 2959 ἐς
232 2896 394 2965 θάλασσαν,
410 2891 558 2971 φαίνονται
574 2895 752 2971 τετριμμένοι
765 2894 802 2956 τά
818 2895 984 2975 ἐπαριστερά
1039 2806 1042 3011 1

188 2986 244 3043 τῶν
269 2982 423 3059 κεφαλέων·
454 2980 482 3039 οἰ
506 2980 530 3039 δ’
553 2978 588 3039 ἂν
610 2980 703 3041 ἀπίσω
726 2981 929 3054 ἀναπλώοντες,
952 2986 985 3045 τά

188 3068 311 3139 ἐπιδεξιά
328 3069 504 3145 τετρίφαται·
523 3065 672 3144 πάσχουσι
690 3067 720 3126 δὲ
739 3072 828 3149 ταῦτα
848 3069 894 3129 διά
914 3071 983 3131 τόδε·

188 3151 482 3235 ἐχόμενοιτῆςγῆςέπ’
490 3150 626 3229 ἀριστερὰ
633 3154 834 3215 καταπλύουσι
842 3162 871 3219 ἐς
879 3157 983 3219 θάλασ-

186 3266 252 3303 σου·
271 3243 320 3301 καὶ
331 3239 525 3303 ἀναπλώοντες
540 3237 640 3309 ὀπίσω,
654 3244 705 3315 τῆς
720 3240 807 3317 αὐτῆς
823 3241 983 3323 ἀντέχοντα
