2150 3500
124 139 268 206 ιτα-ιιι]
469 141 582 194 mm.
895 140 927 192 οι

164 215 325 302 Ἀστυάγης
343 223 396 298 μέν
416 247 464 283 νυν
482 219 664 299 βασιλεύσας
685 219 729 280 ἐπ’
744 221 807 280 ἔτεα
823 220 974 279 vimmo

123 305 172 366 καὶ
182 304 340 383 τριήκοντα,
351 306 421 368 οὕτω
433 312 483 385 τῆς
495 308 651 384 βασιληίης
661 305 850 382 κατεπαύσθη·
864 309 928 381 Μή-

122 391 170 453 δοι
181 393 212 452 δὲ
224 393 369 473 ὑπέκυψαν
381 395 516 474 Πέρσῃσι
530 395 575 454 διά
587 395 640 471 τὴν
651 392 751 454 τούτου
764 392 926 469 πικρότητα,

123 479 257 557 ἄρξαντες
274 482 330 556 τῆς
346 480 519 546 άνωἈλυος
537 486 667 560 ποταμοῦ
686 479 787 557 Ἀσίης
804 479 846 539 ἐπ’
865 482 927 540 ἔτεα

122 568 273 643 τριήκοντα
291 569 337 628 καὶ
346 569 454 631 ’ἐκοτδν
470 569 541 630 δοῦν
557 569 663 639 δέοντα,
677 568 767 646 παρὲξ
781 566 801 644 ἦ
816 567 886 628 ὅσον
899 572 927 629 οἱ

123 654 231 718 Σκύθαι
244 654 341 735 ἦρχον.
375 656 483 737 ύστέριρ
496 658 592 734 μέντοι
604 656 696 736 χρόνῳ
706 655 885 734 μετεμέλησέ
894 655 928 716 τέ
970 686 972 692 ·

122 748 182 818 σφι
200 747 288 805 ταῦτα
306 743 447 820 ποιήσασι
467 746 513 804 καὶ
531 745 698 821 ἀπέστησαν
717 743 774 804 ἀπό
795 745 927 821 Δαρείου·

123 828 298 896 α’ποστάντες
322 832 352 891 δέ
372 831 463 892 ὀπίσω
484 831 739 911 κατεστράφθησαν
755 831 835 911 μάχῃ
851 856 925 908 νικη-
961 830 965 836 ’

111 917 227 992 θέντες·
248 919 313 981 τότε
329 920 359 980 δὲ
379 921 425 980 ἐπὶ
439 919 610 1002 Ἀστυάγεος
629 924 657 980 οἱ
672 920 784 997 Πέρσαι
799 945 830 979 τε
846 919 893 978 καὶ
908 918 925 979 ό

124 1009 220 1082 Κῦρος
240 1007 445 1073 ἐπαναστάντες
464 1012 542 1069 τοῖσι
558 1008 694 1084 Μήδοισι,
714 1007 803 1088 ἦρχον
817 1007 851 1067 τδ
868 1006 926 1067 άπδ
995 1050 997 1054 -

121 1093 225 1153 τούτου
240 1098 291 1171 τῆς
305 1094 417 1172 Ἀσίης.
451 1095 612 1178 Ἀστυάγεα
628 1096 659 1155 δέ
673 1099 767 1172 Κῦρος
782 1094 867 1155 κακόν
880 1093 926 1155 ού-

123 1180 171 1240 δέν
186 1180 262 1242 ἄλλο
281 1182 404 1260 ποιήσας
423 1184 481 1262 εἶχε
495 1183 561 1261 παρ’
576 1186 665 1262 ἐωυτῷ
678 1187 705 1246 ἐς
721 1181 737 1241 ὃ
751 1181 924 1258 ἐτελεύτησε.

122 1266 199 1328 οὕτω.
208 1267 242 1345 δή
257 1274 350 1348 Κῦρος
359 1269 507 1352 γενόμενός
519 1296 551 1330 τε
561 1272 608 1330 καὶ
616 1270 732 1347 τραφεὶς
743 1270 923 1346 ἐβασίλευσε,

123 1355 171 1414 καὶ
188 1360 316 1434 Κροῖσον
332 1357 451 1436 ὕστερον
466 1357 573 1418 τούτων
590 1355 712 1434 ἄρξαντα
729 1355 835 1433 ἀδικίης
847 1382 925 1416 κατε·

121 1443 276 1520 στρέψατο,
297 1443 333 1510 ὥς
353 1447 462 1523 εἴρηταί
479 1470 529 1523 μοι
550 1444 584 1505 τό
605 1443 749 1522 πρότερον,
769 1447 869 1504 τοῦτον
894 1444 925 1504 δέ

122 1531 394 1611 καταστρεψάμενος,
409 1533 480 1594 οὕτω
493 1533 588 1609 πάσης
600 1537 651 1610 τῆς
662 1532 763 1609 Ἀσίης
774 1530 829 1609 ήρξ
843 1576 851 1591 .

163 1620 278 1698 Πέρσας
285 1621 315 1680 δέ
325 1621 388 1682 οἶδα
398 1621 511 1699 νόμοισι
519 1621 615 1682 τοῖσδε
622 1620 802 1701 χρεωμένους·
816 1619 903 1701 ἀγάλ·
913 1622 968 1681 131

119 1730 198 1784 ματα
215 1710 266 1786 μέν
280 1708 326 1770 καὶ
341 1707 423 1787 νηούς
441 1710 487 1769 καὶ
502 1709 617 1785 βωμούς
635 1707 686 1770 ούκ
702 1714 731 1770 ἐν
743 1707 820 1790 νόμω
832 1735 923 1770 ποιευ-

119 1796 220 1871 μένους
248 1796 398 1874 ἶδρύεσθαι,
419 1796 497 1858 ἀλλὰ
521 1798 567 1857 καὶ
589 1800 668 1859 τοῖσι
686 1802 799 1857 ποιεῦσι
817 1800 927 1875 μωρίην

120 1884 297 1960 ἐπιφέρουσι,
319 1884 355 1949 οἷς
375 1888 427 1963 μέν
448 1886 519 1961 ἐμοὶΙ
531 1886 629 1957 δοκέει,
647 1884 690 1946 ὅτι
711 1884 761 1944 ούκ
781 1883 923 1963 ἅνθρωπο-

119 1972 209 2044 φυέας
232 1972 365 2049 ἐνόμισαν
384 1971 449 2036 τούς
470 1972 557 2043 θεούς,
583 1972 706 2051 κατάπερ
727 1975 755 2031 οἶ
774 1972 921 2049 Ἕλληνες,

119 2057 200 2118 εἶναι.
235 2062 262 2135 οἱ
281 2060 312 2119 δὲ
331 2060 476 2136 νομίζουσι
498 2061 547 2119 Διῒ
566 2062 618 2135 μέν
638 2060 684 2119 ἐπὶ
702 2058 739 2119 τσῖ
757 2058 922 2136 ὑψηλότατα

118 2148 176 2205 τῦν
188 2145 289 2223 ούρέων
302 2146 501 2224 ἀναβαίνοντες
513 2146 637 2229 [θυσίας]
651 2146 746 2223 ἕρδειν,
756 2145 806 2205 τδν
819 2145 922 2206 κύκλον

95 2284 99 2290 .
117 2232 211 2293 πάντα
225 2237 277 2294 τοῦ
292 2233 410 2312 ούρανοῦ
427 2235 484 2293 Δία
504 2234 660 2296 καλέοντες·
687 2233 787 2293 θύουσι
802 2233 833 2292 δέ
848 2232 920 2312 ήλίῳ

117 2344 151 2379 τε
171 2320 218 2379 καὶ
238 2322 345 2401 σελήνη
366 2322 412 2381 καὶ
431 2325 470 2402 γῇ
489 2321 535 2380 καὶ
550 2320 616 2397 πυρὶ
632 2319 679 2379 καὶ
698 2319 777 2379 ὕδατι
795 2320 841 2379 καὶ
860 2319 920 2380 οἰνέ-

116 2434 211 2484 μοισι·
230 2407 357 2469 τούτοισι
369 2412 421 2486 μέν
434 2408 469 2483 δή
482 2408 613 2486 μούνοισι
627 2406 728 2468 θύουσι
741 2405 873 2487 ἀρχῆθεν.

157 2493 405 2574 Ἐπιμεμαθήκασι
424 2496 455 2555 δέ
475 2497 520 2555 καὶ
540 2500 577 2575 τῇ
598 2494 722 2576 Ούρανίῃ
741 2495 824 2567 θύειν,
842 2493 920 2575 παρά

116 2608 149 2643 τε
167 2581 327 2661 Ἀσσυρίων
341 2583 477 2660 μαθόντες
496 2584 543 2643 καὶ
561 2583 713 2662 Ἀραβίων·
739 2585 874 2645 καλέουσι
889 2584 919 2644 δὲ

115 2668 266 2748 Ἀσσύριοι
282 2670 334 2748 τήν
345 2670 516 2748 Ἀφροδίτην
533 2671 673 2742 Μύλιττα,
686 2670 819 2749 Ἀράβιοι
831 2672 861 2731 δέ
869 2672 919 2729 Ἀ·

116 2760 208 2829 λιττα,
217 2759 329 2835 Πέρσαι
341 2758 372 2818 δὲ
385 2758 506 2836 Μίτραν.
535 2761 627 2835 Θυσίη
636 2760 666 2819 δέ
678 2762 756 2819 τοῖσι
765 2759 898 2836 Πέρσησι
908 2758 965 2817 132

115 2845 181 2922 περὶ
193 2844 258 2909 τοῦς
271 2846 429 2924 εἰρημένους
447 2846 527 2910 θιοῦς
539 2846 589 2924 ἥδε
603 2846 765 2921 κατέστηκε·
785 2844 849 2906 οὔτε
860 2845 918 2921 βω·

113 2932 186 3008 μοῦς
197 2936 339 2993 ποιεῦνται
352 2931 417 2995 ούτε
428 2936 485 3010 πῦρ
494 2932 668 2993 ἀνακαίουσι·
681 2934 834 3009 μέλλοντες
843 2931 918 2991 θύειν

115 3017 149 3079 ού
168 3020 279 3099 σπονδῇ
293 3022 436 3101 χρέωνται,
453 3020 515 3081 ούκὶ
533 3020 618 3099 αύλῷ,
634 3019 667 3078 ού
685 3019 839 3095 στέμμασι,
856 3018 917 3077 ούκὶ

114 3105 229 3185 ούλῇσι·
254 3109 360 3168 τῶνδὲ
382 3108 418 3171 ὥς
441 3107 549 3186 ἑκάστῳ
570 3108 645 3167 θύειν
668 3106 754 3174 θέλει,
776 3110 804 3167 ἐς
824 3108 916 3183 χῶρον

115 3194 239 3271 καθαρόν
252 3195 365 3277 άγαγιδν
376 3195 410 3255 τό
428 3199 527 3271 κτῆνος
540 3193 634 3253 καλέει
646 3190 696 3252 τδν
709 3191 781 3261 θεόν,
796 3196 916 3267 ἐστεφομ

113 3281 235 3359 νομένας
252 3281 304 3343 τόν
317 3280 416 3361 τιάραν
435 3281 558 3359 μυρσίνη
576 3278 714 3357 μάλωτα.
755 3281 844 3357 ἑωυτῷ
862 3278 915 3355 μὲν
