2150 3500
366 434 721 510 ἨΡΟΔΟΤΟΥ

311 584 571 656 ἸΣΤΟΡΙΩΝ
606 589 771 657 ΤΡΙΤΗ.

491 760 591 788 -ο-

153 980 234 1040 ’Em
247 983 347 1042 τοῦτον
360 980 394 1057 δή
407 980 457 1042 τδν
469 982 596 1059 Ἄμασιν
610 984 773 1063 Καμβύσης
787 983 805 1045 ὅ
821 983 916 1063 Κύρου
930 985 946 1043 1

110 1068 301 1145 ἐστρατεύετο,
311 1067 385 1150 ἄγων
396 1070 442 1129 καὶ
451 1069 558 1135 ἅλλους
567 1076 622 1132 τῶν
632 1072 702 1153 ἦρχε
713 1075 759 1132 καὶ
768 1072 914 1149 Ἑλλήνων

107 1153 205 1219 Ἴωνάς
223 1182 255 1217 τε
275 1157 321 1216 καὶ
341 1158 469 1227 Αἰολέας,
491 1157 525 1217 δι’
547 1160 637 1236 αἰτίην
656 1160 775 1237 τοιήνδε·
799 1161 914 1238 πέμψας

111 1244 276 1321 Καμβύσης
295 1250 322 1309 ές
340 1246 483 1327 Αἴγυπτον
502 1244 616 1323 κήρυκα,
633 1248 706 1307 αἴτεε
721 1247 848 1325 Ἀμασιν
868 1249 914 1309 θυ-

110 1418 143 1482 ὃς
162 1420 343 1497 μεμφόμενος
356 1421 484 1499 Ἄμασιν
505 1422 608 1500 ἔπρηξε
628 1427 726 1493 ταῦτα,
746 1421 791 1481 ὅτι
812 1447 861 1499 μιν
881 1422 913 1492 ἐξ

88 1505 239 1589 ἱάπάντων
259 1512 314 1569 τῶν
334 1513 363 1570 έν
384 1509 517 1591 Αἰγύπτῳ
541 1514 640 1588 ἰητρῶν
661 1510 834 1573 α’τοσπάσας
853 1507 910 1569 οἶτδ

110 1595 239 1674 γυναικός
261 1621 292 1656 τε
314 1597 359 1656 καὶ
380 1598 489 1668 τέκνων,
513 1599 626 1658 ἔκδοτον
647 1599 763 1674 ε’ποίησε
786 1602 814 1661 ε’ς
836 1598 910 1675 Πέρ·

110 1707 173 1754 σας,
187 1682 234 1743 ὅτε
249 1688 343 1762 Κῦρος
360 1683 473 1764 πέμψας
488 1685 567 1764 παρὰ
580 1685 708 1764 Ἀμασιν
726 1686 800 1745 αἴτεε
818 1685 912 1765 ἰητρόν

110 1769 268 1848 ὀφθαλμῶν
277 1771 308 1836 ὃς
322 1773 363 1849 εἰη
374 1772 490 1850 ἄριστος
502 1779 558 1836 τῶν
571 1780 600 1834 έν
613 1773 755 1856 Αἰγύπτῳ·
772 1779 860 1835 ταῦτα
873 1774 908 1851 δή

110 1858 337 1937 ἐπιμεμφόμενος
360 1860 376 1920 ὁ
400 1861 561 1942 Αἰγύπτιος,
583 1866 665 1944 ε’νήγε
687 1866 725 1942 τῇ
746 1863 910 1942 συμβουλίη

109 1947 230 2009 κελεύων
249 1949 347 2008 αἰτέειν
366 1949 416 2009 τδν
437 1949 602 2026 Καμβύσεα
616 1949 744 2026 Ἀμασιν
762 1951 910 2031 θυγατέρα·

109 2035 156 2094 ἶνα
174 2032 193 2110 ἢ
209 2035 272 2097 δούς
289 2034 397 2115 άνιιζντο,
411 2035 430 2113 ἦ
446 2037 486 2113 μή
500 2037 565 2102 δούς
583 2036 731 2116 Καμβύσῃ
746 2036 910 2115 ἀπέχθοιτο·
973 2071 977 2074 ·

108 2121 126 2183 ὁ
148 2121 179 2182 δὲ
194 2120 327 2199 Ἀμασις,
343 2127 379 2203 τῇ
397 2123 510 2202 δυνάμει
529 2129 585 2184 τῶν
603 2125 737 2201 Περσέων
755 2123 910 2202 α’χθόμενος

109 2210 157 2270 καί
170 2210 319 2289 α’ρρωδέων,
330 2211 380 2271 ούκ
391 2212 450 2292 εἰχε
464 2211 526 2272 ούτε
540 2212 635 2271 δοῦναι
648 2210 712 2270 ούτε
721 2209 910 2288 ἀρνήσασθαι·

110 2298 141 2358 εὖ
161 2299 217 2381 γάρ
238 2299 379 2376 ήπίστατο
403 2300 446 2360 ὅτι
470 2300 520 2360 οὐκ
545 2299 581 2362 οἷς
599 2297 717 2380 γυναῖκά
739 2325 788 2377 μιν
809 2300 911 2375 ἔμελλε

110 2388 274 2466 Καμβύσης
288 2390 358 2460 ἕξειν
370 2389 436 2448 ἀλλ’
450 2388 485 2453 οἷς
498 2387 659 2463 παλλακήν·
679 2391 767 2448 ταῦτα
782 2387 816 2463 δή
830 2392 908 2448 ε’κλο-

107 2476 261 2557 γιζόμενος,
281 2478 397 2554 ε’ποίησε
414 2474 489 2538 τάδε·
510 2476 546 2552 ἦν
562 2475 683 2554 Ἀπρίεω
702 2480 752 2536 τοῦ
772 2476 910 2554 προτέρου

107 2565 249 2639 βασιλέος
274 2566 397 2646 θυγάτηρ
420 2566 508 2643 κάρτα
532 2564 645 2647 μεγάλη
668 2590 699 2626 τε
725 2566 771 2624 καὶ
797 2563 908 2640 εὐειδής,

107 2651 200 2729 μούνη
212 2657 262 2713 τοῦ
275 2654 352 2713 οἴκου
367 2655 547 2731 λελειμμένη·
568 2651 674 2731 οὕνομα
686 2652 718 2713 δέ
733 2655 760 2712 οἱ
773 2651 808 2728 ἦν
822 2652 907 2727 Νίτη-

106 2765 161 2803 τις·
180 2740 283 2817 ταύτην
300 2741 334 2816 δή
347 2741 399 2817 τήν
416 2741 502 2800 παῖδα
521 2740 679 2816 ὁἈμασις
696 2739 845 2823 κοσμήσας
862 2744 907 2798 ἐσ-

109 2827 178 2902 θῆτί
186 2854 218 2888 τε
231 2830 277 2888 καὶ
289 2834 394 2908 χρυσῷ,
408 2827 568 2905 άποπέμπει
584 2833 612 2891 ές
628 2828 744 2904 Πέρσας
760 2827 796 2889 οἷς
810 2828 909 2885 έωυτοΰ

108 2917 257 2997 θυγατέρα·
272 2917 344 2994 μετοί
357 2917 387 2976 δὲ
396 2916 498 2996 χρόνον
508 2916 544 2978 ὥς
556 2940 605 2991 μιν
613 2913 758 2991 ἠσπάζετο
770 2910 910 2990 πατρόθεν

107 3003 275 3081 ούνομάζων,
288 3005 366 3086 λέγει
383 3003 454 3082 πρδς
472 3002 556 3064 αύτδν
571 3001 591 3078 ή
607 3005 682 3065 παῖς·
703 2999 752 3059 “ὦ
771 3002 906 3077 βασιλεύ,

106 3091 335 3170 διαβεβλημένος
352 3091 407 3153 ύπδ
425 3090 565 3169 Ἀμάσιος
585 3089 617 3150 ού
635 3088 790 3167 μανθάνεις,
806 3087 838 3150 ὃς
858 3087 909 3163 έμέ

107 3203 157 3238 σοι
176 3179 273 3259 κόσμῳ
286 3179 415 3256 άσκήσας
432 3179 581 3256 ἀπέπεμψε
599 3177 635 3241 ιύς
652 3181 753 3237 ἑωυτοῦ
769 3174 909 3258 θυγατέρα

107 3265 200 3329 διδούς
212 3271 313 3328 έοῦσαν
324 3271 361 3346 τῇ
373 3267 494 3344 άληθηίη
507 3265 636 3344 Ἀπρίεω·
651 3264 702 3327 τάν
712 3268 814 3328 ἐκεῖνος
826 3261 908 3324 έάντα

55 3441 235 3453 ---,.-.,..
