2150 3500
117 105 264 172 ιιι-117]
468 109 583 160 mm.
891 114 922 162 ω

13 177 28 236 ι
116 186 175 262 μέν
193 211 242 246 νυν
261 183 347 246 ἄλλοι
365 187 463 252 παῖδες
480 187 517 249 τά
538 187 748 266 ἐπιτασσόμενα
767 189 921 263 ἐπετέλεον,

13 267 32 327 ¹:
117 269 202 336 οὗτος
218 273 248 332 δὲ
266 271 436 349 ἀνηκούστεέ
450 300 483 336 τε
501 276 548 336 καὶ
564 275 653 356 λόγον
668 276 727 355 εἶχε
742 274 848 348 οόδένα,
862 277 922 341 έςό

16 361 19 375 '
117 359 211 437 ἔλαβε
230 360 284 438 την
303 361 390 439 δίκην·
412 366 436 424 εἰ
455 360 493 423 ὧν
513 362 548 439 δὴ
568 364 650 424 τοῦδε
670 363 760 424 εἵνεκα
778 363 855 434 όξιός
873 390 922 426 τευ

117 450 207 506 κακοῦ
223 449 288 526 εἰμὶ,
302 447 348 508 όδε
362 475 407 511 τοι
421 448 562 528 πάρειμι.”
594 454 690 511 Ταῦτα
704 453 837 533 λέγοντος
850 457 901 512 τοῦ
911 455 968 515 116

10 575 19 594 ι,
115 534 227 606 παιδός,
244 534 294 597 τόν
310 535 469 619 Ἀστυάγεα
488 537 568 618 ἐσῄει
584 537 740 620 ἀνάγνωσις
758 538 854 599 αὐτοῦ·
875 542 924 600 καί

19 633 23 662 ²
116 624 146 680 οἱ
155 620 215 683 ὅτε
225 623 372 702 χαρακτὴρ
381 629 431 686 τοῦ
440 625 595 704 προσώπου
604 618 821 704 προσφέρεσθαι
830 627 921 688 ἐδόκεε

116 712 148 772 ἐς
164 710 265 771 ἑωυτόν
279 712 326 771 καὶ
340 709 360 787 ἤ
376 709 524 790 ἀπόκρισις
541 714 742 791 ἐλευθερωτέρη
758 713 838 775 εἶναι·
858 713 921 776 ὅτε

114 797 219 874 χρόνος
227 802 278 874 ’τῆς
291 799 416 863 ἐκθέσιος
428 805 464 879 τῇ
473 800 569 881 ἡλικίῃ
577 805 628 863 τοῦ
640 801 739 882 παιδός
748 801 840 862 ἐδόκεε
849 827 921 881 συμ-

114 887 237 960 βαίνειν.
271 889 420 969 ἐκπλαγεὶς
436 889 466 948 δέ
482 888 617 961 τοότοισι,
633 890 680 949 ἐπὶ
694 888 797 968 χρόνον
812 887 921 973 ἄφθογ-

114 997 169 1052 γος
190 972 240 1050 ἦν·
261 973 344 1056 μόγις
363 976 394 1036 δὲ
415 975 450 1052 δή
470 1001 534 1037 κοτε
555 974 722 1056 ἀνενειχθεὶς
742 977 810 1050 εἶπε,
831 979 921 1039 θέλων

116 1062 260 1140 ἐκπέμψαι
274 1062 324 1124 τόν
335 1061 532 1142 Ἀρτεμβάρεα
546 1063 591 1124 ἵνα
602 1063 652 1126 τόν
663 1064 806 1142 βουκόλον
817 1069 921 1143 μοῦνον

114 1150 218 1226 λαβιδν
230 1152 388 1232 βασανίσῃ·
405 1151 629 1231 *(Ἀρτέμβιιρες,
642 1152 697 1234 ἐγολ
708 1157 797 1213 ταῦτα
809 1153 920 1230 ποιήσω

115 1234 192 1298 ὥστε
204 1243 239 1300 σὲ
251 1240 299 1300 καὶ
307 1239 356 1301 τόν
366 1239 453 1300 παῖδα
464 1239 514 1301 τόν
526 1239 580 1300 σόν
588 1239 676 1316 μηδὲν
685 1240 920 1317 ἐπιμέμφεσθαι.”

113 1323 167 1385 τόν
178 1328 231 1404 μὲν
244 1327 278 1404 δή
290 1325 487 1406 Ἀρτεμβάρεα
499 1328 613 1404 πέμπει·
632 1325 683 1387 τόν
695 1326 726 1386 δέ
742 1331 838 1405 Κῦρον
849 1325 920 1408 ἦγον

114 1412 173 1472 έσω
182 1417 210 1474 οἱ
220 1414 395 1492 θεράποντες,
406 1413 650 1484 κελεόσαντοςτοῦ
658 1412 838 1495 Ἀστυάγεος.
859 1415 920 1474 ἐπεὶ

114 1499 147 1560 δέ
165 1500 352 1564 ἀπελέλειπτο
371 1501 388 1563 ό
404 1502 547 1580 βουκόλος
563 1507 674 1580 μοῦνος,
690 1503 866 1581 μουνωθέντα
883 1501 918 1579 δὴ

113 1587 201 1651 αότόν
210 1591 298 1668 εἴρετο
311 1590 327 1652 ό
339 1589 507 1673 Ἀστυάγης,
518 1589 600 1652 κόθεν
611 1589 702 1668 λάβοι
713 1590 764 1650 τόν
772 1590 860 1651 παῖδα
872 1591 919 1651 καὶ

111 1677 157 1741 τίς
169 1678 211 1755 εἴη
225 1678 242 1739 ό
253 1678 412 1759 παραδοός;
433 1678 449 1741 ό
462 1680 492 1740 δέ
505 1679 536 1751 ἐξ
549 1683 649 1741 ἐωυτοΰ
661 1704 693 1739 τε
706 1679 761 1756 ἐφη
773 1680 918 1761 γεγονέναι

113 1766 162 1826 καὶ
173 1766 374 1845 τηνητεκοῦσαν
386 1766 471 1829 αὐτόν
484 1769 524 1828 ἔτι
537 1768 607 1829 εἶναι
619 1766 684 1847 παρ’
697 1770 796 1846 ἑωυτῷ·
815 1765 917 1828 Ἀστυ-

111 1851 184 1933 άγης
197 1854 228 1915 δέ
241 1879 291 1931 μιν
302 1853 353 1915 ου’κ
369 1854 400 1915 εὖ
410 1854 604 1930 βουλεύεσθαι
620 1855 676 1931 έφη
688 1854 873 1931 ἐπιθυμέοντα
889 1858 917 1918 ἔς

110 1939 236 2022 ἀνάγκας
247 1942 374 2023 μεγάλας
389 1940 579 2003 ἀπικνέεσθαι·
600 1941 660 2019 όμα
674 1967 705 2002 τε
719 1942 809 2023 λέγων
825 1945 915 2003 ταῦτα

112 2028 248 2106 ἐσήμαινε
265 2033 341 2091 τοῖσι
358 2028 542 2107 δορυφόροισι
559 2028 718 2107 λαμβάνειν
734 2028 829 2090 αυτόν·
849 2029 866 2090 ό
886 2031 917 2091 δέ

110 2114 249 2197 ἀγόμενος
264 2122 292 2180 ἐς
308 2117 360 2181 τὰς
377 2114 506 2199 ἀνάγκας,
520 2115 592 2177 οὕτω
609 2114 644 2192 δὴ
657 2116 753 2192 έφαινε
768 2116 818 2176 τόν
834 2116 916 2179 ἐόντα

109 2202 208 2285 λόγον,
224 2204 378 2284 ἀρχόμενος
398 2205 429 2265 δέ
448 2203 496 2265 ἀπ’
509 2203 599 2283 ἀρχῆς
618 2202 720 2283 διεξῄει
738 2207 775 2282 τῇ
792 2203 915 2284 ἀληθηέη

108 2290 274 2370 χρεόμενος,
288 2293 335 2352 καὶ
348 2293 496 2371 κατέβαινε
509 2297 537 2355 ές
549 2289 630 2355 λιτάς
641 2316 672 2352 τε
686 2290 733 2351 καὶ
744 2290 915 2373 συγγνώμην

109 2382 200 2458 ἑωυτῷ
213 2378 333 2441 κελεόων
346 2381 419 2461 ἔχειν
431 2378 525 2441 αότόν.

129 2456 133 2463 ’
150 2465 310 2550 Ἀστυάγης
327 2467 366 2541 δέ,
383 2472 434 2530 τοῦ
453 2471 506 2545 μὲν
523 2465 668 2545 βουκόλου
684 2464 737 2543 τὴν
753 2465 893 2545 άληθηΐην
903 2469 958 2528 ll?

108 2555 291 2635 ἐκφήναντος,
298 2556 387 2639 λόγον
394 2554 448 2633 ἤδη
458 2556 506 2617 καὶ
515 2554 631 2617 ἐλάσσω
639 2555 913 2638 ἐποιέετοἈρπάγῳ
1073 2581 1074 2610 ι

107 2643 140 2703 δέ
163 2645 210 2704 καὶ
235 2643 365 2726 μεγάλως
389 2642 578 2723 μεμφόμενος,
601 2644 713 2704 καλέειν
737 2641 821 2705 οάτόν
847 2642 912 2707 rank
1071 2675 1073 2734 η

107 2731 283 2811 δορυφόρους
303 2733 423 2793 ἐκέλευε.
464 2732 500 2798 ιός
520 2732 552 2793 δέ
569 2734 599 2794 οἶ
615 2737 710 2811 παρῆν
727 2730 912 2812 όἈρπαγος,
1070 2751 1072 2858 η

107 2820 198 2898 εἴρετό
209 2846 259 2900 μιν
271 2819 287 2882 ό
299 2820 469 2904 Ἀστυάγης·
485 2820 645 2904 “Ἀρπαγε,
657 2821 710 2901 τέω
724 2818 759 2895 δὴ
770 2819 849 2898 μόρῳ
860 2817 911 2879 τόν
1070 2861 1071 2870 1

105 2910 196 2970 παῖδα
217 2910 395 2990 κατεχρήσαο
415 2909 467 2971 τόν
487 2935 532 2971 τοι
553 2910 700 2987 παρέδωκα
722 2911 753 2966 ἐκ
774 2904 912 2987 θυγατρός
1069 2875 1072 2984 λ

105 2980 307 3079 γεγονόταιτῆς
319 3002 388 3075 ἐμῆς
397 2996 421 3067 θ’
437 2996 454 3057 ό
467 2997 497 3057 δὲ
504 2994 651 3078 Ἅρπαγος
663 2994 699 3058 ιός
712 2994 768 3054 εἶδε
778 2993 830 3053 τόν
840 2994 911 3070 βου·

106 3084 194 3145 κόλον
207 3085 284 3145 ένδον
296 3083 385 3155 ἐόντα,
402 3082 435 3143 οὔ
450 3083 581 3160 τρέπεται
597 3083 644 3142 ἐπὶ
660 3081 762 3159 ψευδέα
778 3080 851 3153 όδδν,
865 3080 911 3141 ἵνα

105 3172 147 3251 μὴ
173 3170 358 3253 ἐλεγχόμενος
378 3170 539 3246 ἁλίσκηται·
562 3168 641 3230 ἀλλά
663 3168 742 3249 λέγει
762 3167 838 3229 τάδε·
862 3167 910 3230 “03

105 3261 242 3337 βασιλεῦ,
260 3260 367 3321 ἐπείτε
383 3258 552 3337 παρέλαβον
568 3254 602 3317 τό
619 3254 739 3327 παιδίον,
756 3254 910 3334 ἐβούλευον
