2150 3500
153 137 186 188 22
469 137 654 189 ‘HPOAOTOT
927 135 976 200 [Ῑ.

106 217 145 278 49
154 218 279 296 χάλκεον
298 217 421 294 ἐπίθημα
443 217 556 281 ἐπιθείς.
596 215 639 276 Τά
658 218 711 300 μέν
729 214 765 292 δὴ
785 219 816 275 ἐκ
836 217 979 291 Δελφιῦν

155 301 226 364 οὕτω
243 308 283 384 τῷ
301 305 417 384 Κροίσῳ
435 304 572 384 ἐχρήσθη·
593 303 665 365 κατὰ
683 303 714 364 δέ
729 303 782 378 τὴν
795 301 976 380 Ἀμφιάρεω

153 390 215 475 [τοῦ
230 391 377 476 μαντηίου]
394 392 552 470 ἀπόκρισιν,
567 392 618 452 ούκ
636 395 691 471 ’έχω
708 391 784 451 εἶπαι
802 390 818 450 ὅ
835 417 863 451 τι
881 395 974 451 τοῖσι

102 474 104 478 ’
154 480 275 542 Λυδοῖσι
284 482 388 560 ἔχρησε
397 480 539 558 ποιήσασι
548 481 613 559 περὶ
625 480 659 541 τό
669 478 728 557 ἱρόν
737 478 774 539 τοὶ
783 467 972 556 νομιζόμενα·

156 566 190 628 ού
209 567 265 650 γοὶρ
288 568 326 630 ὦν
346 568 409 629 ούδέ
427 572 510 630 τοῦτο
530 568 643 651 λέγεται
663 567 739 627 ἄλλο
757 592 792 648 γε
810 565 831 644 ἡ
850 566 895 628 ὅτι
916 567 973 626 καὶ

154 659 238 717 τοῦτο
251 655 364 734 ἐνόμισε
375 655 511 736 μαντήϊον
523 655 639 735 άψευδές
653 655 797 731 ἐκτῆσθαι.

108 745 148 805 50
196 745 280 805 Μετοὶ
289 745 319 805 δέ
330 749 419 806 ταῦτα
428 745 546 823 θυσίῃσι
557 743 703 825 μεγάλῃσι
714 741 764 804 τόν
774 747 804 803 ἐν
816 744 971 819 Δελφοῖσι

157 831 221 894 θεόν
234 832 377 894 ἱλάσκετο·
394 831 494 908 κτήνεά
505 857 536 893 τε
548 832 604 913 γάρ
615 831 652 893 τοὶ
665 830 772 910 θύσιμα
783 829 875 891 πάντα
883 855 970 907 τρισ-
1047 834 1048 845 ’

156 920 238 999 χίλια
259 921 351 991 ἔθυσε,
368 920 464 984 κλίνας
483 944 515 980 τε
537 919 705 1002 ἐπιχρύσους
724 919 771 978 καὶ
792 917 970 999 ἐπαργύρους

157 1008 204 1067 καὶ
224 1006 330 1083 φιάλας
348 1008 471 1087 χρυσέας
494 1006 542 1068 καὶ
564 1006 664 1085 εἵματα
685 1004 841 1084 πορφύρεα
855 1006 902 1064 καὶ
922 1030 969 1065 κι·
1048 1020 1049 1027 ’

157 1094 254 1165 θῶνας,
276 1094 384 1172 νηήσας
405 1094 496 1174 τυρὴν
519 1094 658 1176 μεγάλην,
680 1095 816 1154 κατέκαιε·
843 1084 969 1163 ἐλπίζων
1049 1168 1050 1177 γ

155 1180 206 1242 τόν
218 1181 282 1243 θεόν
293 1180 407 1259 μᾶλλόν
418 1206 447 1243 τι
461 1180 588 1243 τούτοισι
604 1181 823 1258 ἀνακτήσεσθαι·
842 1179 971 1240 Δυδοῖσί
1049 1182 1050 1211 ³

156 1293 189 1330 τε
200 1273 273 1331 πᾶσι
285 1275 410 1348 προεῖπε,
425 1268 499 1332 θύειν
514 1269 607 1331 πάντα
621 1268 683 1330 τινοὶ
700 1269 790 1330 αι’ντῦν
803 1266 892 1348 τούτῳ
904 1267 922 1328 ὅ
933 1293 966 1329 τι
1050 1346 1051 1349 ¹

157 1357 218 1438 ἐχοι
235 1358 362 1424 ἕκαστος.
403 1357 439 1422 ὥς
457 1356 488 1418 δέ
505 1363 536 1417 ἐκ
553 1361 605 1434 τὴς
627 1358 727 1433 θυσίης
746 1357 862 1437 ἐγένετο,
879 1379 966 1416 κατα·
1050 1352 1051 1361 “

155 1444 291 1525 χεάμενος
302 1444 415 1526 χρυσόν
425 1444 557 1515 άπλετον,
569 1443 739 1521 ἡμιπλίνθια
755 1443 787 1514 ἐξ
801 1442 885 1503 αὐτοῦ
900 1441 965 1521 ἐξὴ-

156 1536 251 1593 λαυνε·
272 1533 318 1592 ἐπὶ
333 1536 386 1610 μέν
402 1531 437 1592 τά
454 1531 621 1610 μακρότερα,
637 1532 740 1593 ποιέων
755 1529 963 1602 ἑξαπάλαιστα·

157 1620 204 1680 ἐπὶ
219 1619 249 1680 δέ
263 1617 299 1680 τοὶ
315 1618 486 1700 βραχύτερα,
499 1619 700 1697 τριπάλαιστα·
720 1619 793 1699 ύψος
807 1619 846 1691 δέ,
859 1623 964 1679 παλαι-

157 1711 264 1769 στιαῖα·
280 1706 398 1786 ἀριθμόν
410 1707 448 1779 δέ,
462 1707 644 1769 ἑπτακαίδεκα
656 1708 703 1768 καὶ
715 1706 822 1769 ἑκατόν·
841 1707 887 1768 καὶ
898 1733 963 1770 του-

155 1797 232 1867 τέων,
248 1794 379 1873 άπέφθου
395 1799 504 1876 χρυσοῦ
518 1797 648 1875 τέσσαρα
660 1796 756 1877 τρίτον
769 1796 964 1880 ἡμιτάλαντον

157 1884 276 1946 ἕκαστον
297 1884 424 1956 ἕλκοντα,
439 1884 475 1945 τά
497 1883 527 1944 δέ
548 1882 627 1944 ἅλλα
649 1882 841 1967 [ἡμιπλίνθια]
860 1888 963 1945 λευκοῦ

156 1976 265 2052 χρυσοῦ
278 1970 407 2050 σταθμόν
419 1971 582 2033 διτάλαντα.
611 1973 734 2032 ἐποιέετο
746 1971 776 2031 δέ
789 1973 836 2031 καὶ
848 1973 963 2038 λέοντος

158 2059 250 2121 εἰκόνα
261 2064 370 2143 χρυσοῦ
383 2058 521 2138 ἀπέφθου,
536 2059 676 2122 ἕλκουσαν
692 2059 821 2137 σταθμόν
836 2059 962 2122 τάλαντα

157 2148 233 2233 δέκα·
249 2146 329 2213 οὗτος
338 2146 355 2209 ὅ
364 2149 448 2221 λέων,
455 2148 517 2209 ἐπεί
526 2173 558 2208 τε
571 2147 729 2209 κατεκαίετο
742 2146 759 2207 ό
773 2152 802 2208 ἐν
815 2150 961 2228 Δελφοῖσι

158 2236 232 2313 νηῦς,
247 2237 384 2299 κατέπεσε
400 2235 458 2297 άτό
471 2239 528 2297 τῦν
545 2233 743 2313 ἡμιπλινθίων·
762 2234 809 2294 ἐπὶ
825 2233 882 2315 γάρ
898 2233 961 2297 τού-

157 2349 235 2386 τοισι
256 2325 360 2403 ἵδρυτο·
383 2324 430 2384 καλ
448 2327 498 2385 νῦν
517 2327 606 2383 κεῖται
624 2328 655 2385 ἐν
675 2326 715 2403 τῷ
737 2324 892 2402 Κορινθίων
912 2325 961 2401 θη

158 2415 262 2491 σαυρῷ,
281 2413 369 2471 ἕλκων
386 2410 514 2487 σταθμόν
531 2410 656 2489 ἕβδομον
672 2409 872 2486 ἡμιτάλαντον·
895 2409 960 2472 άπε-

111 2500 148 2559 51
158 2497 229 2574 τάκη
240 2497 295 2579 γάρ
309 2497 393 2558 αὐτοῦ
405 2498 537 2574 τέταρτον
548 2496 748 2575 ἡμιτάλαντον.
776 2496 960 2563 Ἐπιτελέσας

160 2585 190 2645 δέ
202 2584 219 2644 ό
232 2587 358 2661 Κροῖσος
371 2588 460 2646 ταῦτα
473 2584 621 2662 ἀπέπεμπε
637 2591 666 2651 ἐς
680 2585 814 2663 Δελφούς
831 2587 878 2646 καὶ
894 2586 960 2648 τάδε

158 2671 238 2733 άλλα
257 2670 318 2750 ἅμα
338 2675 426 2734 τοῦσι·
449 2676 587 2751 κρητῆρας
606 2672 656 2735 δύο
675 2674 792 2756 μεγάθεϊ
811 2672 959 2755 μεγάλους,

159 2759 282 2841 χρύσεον
293 2760 340 2821 καὶ
352 2759 495 2843 ἀργύρεον·
515 2765 571 2822 τῶν
583 2760 601 2822 ό
611 2764 665 2839 μέν
675 2762 795 2842 χρύσεος
808 2762 900 2822 ἐκέετο
915 2764 960 2822 ἐπὶ

161 2849 237 2919 δεξιὰ
250 2848 355 2909 ἐσιόντι
367 2854 395 2914 ἐς
405 2848 456 2909 τόν
468 2847 571 2925 νηδν,ό
584 2849 614 2908 δέ
622 2848 756 2931 α’ργύρεος
766 2848 808 2909 ἐτ’
817 2848 960 2926 ἀριστερά·

160 2936 393 3016 (μετεκινήθησαν
402 2936 432 2996 δέ
442 2936 489 2995 καὶ
498 2933 576 2996 οῦτοι
583 2936 638 2995 ῦπδ
647 2936 697 2997 τόν
706 2936 773 3013 νηόν
782 2936 959 3008 κατακαέντα,

161 3025 207 3084 καὶ
216 3024 233 3085 ὅ
242 3028 294 3102 μέν
302 3025 422 3104 χρύσεος
432 3026 520 3084 κεῖται
529 3029 559 3084 ἐν
567 3028 606 3103 τῷ
615 3024 813 3099 Κλαζομενίων
821 3024 959 3102 θησαυρῷ,

161 3112 249 3173 ἕλκων
262 3112 390 3191 σταθμόν
402 3113 513 3172 ἔννατον
523 3110 714 3188 ἡμιτάλαντον
726 3110 773 3169 καὶ
785 3111 825 3169 ἔτι
841 3109 961 3169 δυόδεκα

160 3200 254 3277 μνέας·
274 3200 337 3260 όδέ
351 3199 484 3281 άργύρεος
501 3199 547 3258 ἐπὶ
564 3202 615 3258 τοῦ
632 3198 766 3274 προνηίου
782 3201 835 3273 τὴς
853 3198 960 3278 γωνίης,

158 3286 271 3367 χωρέων
287 3285 433 3366 άμφορέας
448 3285 619 3357 ἑξακοσίους·
639 3284 810 3363 ἐπικίρναται
829 3283 885 3365 γάρ
904 3283 962 3345 ύτό
