2150 3500
113 133 257 202 llo-113]
431 135 593 184 ΕΤΤΕΡΠΗ.
863 139 913 212 Ι159

110 214 282 294 όφθσλμοιϊς
295 214 488 292 τυφλωθῆναι·
509 213 576 273 δέκα
592 215 644 292 μὲν
660 212 695 290 δή
708 213 771 274 ἔτεα
784 211 858 272 εϊναί
867 237 916 290 μιν

110 303 232 379 τυφλόν·
253 300 387 380 ἑνδεκάτῳ
402 301 432 360 δὲ
453 301 507 361 έτεϊ
520 300 672 361 ἀπικέσθαι
694 303 720 360 οϊ
735 299 871 377 μαντήϊον
884 304 915 358 ἔκ

111 392 237 452 Βουτοῦς
261 387 371 458 πόλιος,
396 387 432 450 κός
459 387 571 464 “ε’ξήκει
593 389 626 448 τέ
649 391 676 447 οἱ
699 387 715 448 ὁ
738 385 839 465 χρόνος
864 390 915 463 τῆς

109 477 219 554 ζημίης,
229 477 275 535 καὶ
287 476 454 554 ἀναβλέψει,
464 475 594 556 γυναικός
605 473 676 554 οὔρῳ
689 475 839 553 νιψάμενος
851 475 915 539 τούς

110 563 280 641 όφθαλμοιϊς
305 563 366 638 ἥτις
389 561 466 638 παραὶ
493 562 545 623 τόν
570 567 672 638 ἑωυτῆς
698 561 786 640 ἄνδρα
810 565 915 640 μοῦνον

108 652 275 728 πεφοίτηκε,
295 649 391 710 ἄλλων
411 649 517 726 ἀνδρῶν
537 653 625 710 έοῦσα
644 648 783 728 ἅπειρος·”
800 650 846 708 καὶ
864 649 915 710 τόν

108 737 221 814 πραότης
234 741 285 814 τῆς
298 741 399 798 ἑωυτοῦ
411 735 542 819 γυναικός
557 739 719 816 πειρᾶσθαι·
740 736 811 815 μεταϊ
826 737 864 807 δὲ,
879 735 915 800 οἷς

105 825 163 907 Ιοὐκ
182 823 333 900 οἷνέβλεπε,
355 826 454 900 έπεξής
473 825 587 885 πασέων
606 825 768 903 πειρᾶσθαι·
793 823 914 901 ἀναβλέ-

108 919 205 991 ψαντα
225 913 255 971 δὲ
275 916 444 994 συναγαγεῖν
465 912 517 976 τός
539 915 671 994 γυναϊκας
693 916 749 972 τῶν
770 911 912 994 ἐπειρήθη,

107 999 189 1076 πλήν
208 998 293 1076 ἣτῆς
311 1000 351 1080 τῷ
370 999 442 1080 οὔρῳ
462 998 614 1078 νιψόμενος
633 999 784 1078 ἀνέβλεψε,
799 1004 827 1064 ές
846 1000 914 1076 μίαν
961 1001 963 1008 ’

106 1087 198 1149 πόλιν
217 1087 237 1164 ἢ
257 1091 307 1149 νῦν
330 1088 460 1148 καλέεται
479 1087 602 1166 Ἐρυθρή
629 1089 736 1165 βῶλος·
757 1093 785 1153 ἐς
809 1087 914 1163 ταύτην

108 1176 314 1246 συναλίσαντα,
327 1175 492 1254 ιϊποπρῆσαι
507 1175 603 1239 παίσας
620 1175 674 1235 σιϊν
691 1174 761 1253 αὐτή
779 1178 816 1254 τῇ
833 1175 913 1235 πόλι·

48 1302 52 1306 -
107 1265 163 1339 τῆς
175 1263 206 1323 δὲ
218 1261 368 1342 νιψόμενος
384 1267 423 1343 τῷ
441 1261 513 1343 οὔρῳ
531 1261 683 1340 ἀνέβλεψε,
695 1262 799 1337 ταότην
811 1261 842 1320 δὲ
855 1261 913 1341 εἶχε

108 1348 196 1414 αὗτός
214 1354 340 1432 γυναῖκα.
381 1350 548 1427 α’ναθήματα
568 1350 607 1419 δὲ,
620 1348 775 1430 εἶποφυγοϊν
793 1347 846 1424 τήν
861 1349 914 1408 παϊ-

109 1439 165 1515 θην
177 1442 232 1498 τῶν
250 1437 415 1515 ὀφθαλμῶν,
428 1437 506 1497 ἅλλα
525 1461 557 1498 τε
577 1435 631 1496 α’νοϊ
648 1435 684 1497 τοὶ
706 1437 752 1514 ϊροὶ
771 1436 863 1496 πάντα
875 1437 912 1496 τοὶ

108 1525 220 1607 λόγιμα
239 1525 363 1603 ἀνέθηκε,
383 1527 507 1596 καὶ,ποῦ
526 1550 561 1606 γε
580 1523 669 1606 λόγον
687 1524 816 1600 μάλιστα
836 1523 915 1594 αξιόν

109 1618 175 1675 ε’στι
188 1615 268 1694 ἔχειν,
283 1618 374 1678 ε’ς-τοῦ
390 1613 492 1674 Ἡλίου
509 1611 544 1673 τό
561 1611 621 1691 ἱρόν
636 1611 784 1689 ἀξιοθέητα
798 1611 914 1689 ἀνέθηκε

109 1701 182 1783 ἔργα
200 1700 322 1780 όβελοιϊς
339 1701 387 1762 δόο
406 1701 538 1773 λιθίνους,
556 1701 588 1771 ἐξ
607 1699 666 1765 ένδς
684 1699 765 1762 ε’όντα
784 1700 915 1779 έκοίτερον

108 1791 203 1861 λίθου,
216 1794 305 1867 μῆκος
323 1791 376 1867 μὲν
396 1788 524 1870 ἔκότερον
543 1790 656 1869 πηχέων
672 1788 770 1850 ἑκατόν
786 1787 864 1867 εὖρος
883 1789 914 1849 δὲ

109 1875 186 1938 dm&
197 1879 318 1958 πηχέων.

153 1964 259 2025 Τούτου
285 1966 317 2025 δὲ
342 1963 507 2035 ἐκδέξασθαι
532 1965 586 2043 τήν
611 1966 769 2043 βασιληίην
796 1964 961 2046 ἔλεγον112

110 2051 200 2131 ἄνδρα
212 2053 375 2131 Μεμφίτην,
388 2056 426 2131 τῷ
438 2053 509 2113 κατοϊ
520 2053 574 2129 τήν
588 2058 644 2113 τῶν
655 2052 801 2129 Ἑλλήνων
818 2055 914 2133 γλῶσ-

111 2165 171 2201 σαν
187 2139 293 2219 οὕνομα
307 2141 427 2218 Πρωτέα
445 2139 523 2199 εἶναι·
544 2143 594 2201 τοῦ
614 2144 664 2201 νῦν
680 2139 794 2217 τέμενός
810 2144 872 2200 ε’στι
885 2143 915 2199 ἐν

109 2226 217 2305 Μέμφι
236 2226 326 2304 κόρτα
346 2226 435 2288 καλόν
453 2252 486 2287 τε
507 2228 554 2286 καὶ
577 2226 607 2286 εὖ
628 2225 842 2304 ἐσκευασμένον,
863 2229 914 2286 τοῦ

109 2313 303 2391 Ἢφαιστηίου
315 2313 387 2393 πρός
400 2312 483 2375 νότον
495 2313 598 2392 ἄνεμον
611 2314 745 2392 κείμενον·
767 2312 914 2395 (περιοικέ
985 2367 990 2374 f

111 2428 179 2462 ουσι
196 2402 226 2462 δὲ
244 2402 279 2463 τό
294 2402 408 2480 τέμενος
426 2405 510 2463 τοῦτο
523 2402 648 2466 Φοίνικες
665 2401 768 2479 Τύριοι,
784 2400 914 2461 καλέεται

111 2488 144 2549 δὲ
161 2488 178 2550 ό
194 2493 287 2569 χῶρος
302 2488 382 2554 οὗτος
399 2488 416 2550 ό
435 2489 562 2554 συνάπας
576 2491 682 2568 Τυρίων
700 2488 915 2569 στρατόπεδον)

111 2578 175 2637 ἔστι
188 2578 218 2637 δὲ
231 2582 261 2639 ἐν
272 2581 311 2657 τῷ
322 2576 431 2655 τεμένεϊ
447 2581 499 2638 τοῦ
513 2576 645 2655 Πρωτέος
661 2576 721 2655 ἱρόν
733 2577 767 2639 τό
785 2575 915 2637 καλέεται

111 2663 212 2740 Ξείνης
225 2664 405 2744 Ἀφροδίτης·
426 2664 636 2743 συμβάλλομαι
652 2666 682 2725 δὲ
701 2669 785 2727 τοῦτο
801 2664 835 2726 τό
855 2664 915 2742 ἱρόν

112 2751 184 2812 εἶναι
195 2750 313 2830 Ἑλένης
323 2755 375 2829 τῆς
389 2752 542 2831 Τυνδάρεω,
557 2754 604 2813 καὶ
619 2751 669 2813 τόν
688 2752 777 2833 λόγον
789 2750 916 2828 όκηκοαϊς

113 2837 151 2903 ὥς
171 2838 299 2917 διαιτήθη
318 2838 421 2916 Ἑλένη
439 2834 518 2918 παριϊ
537 2838 657 2917 Πρωτέῖ,
684 2840 730 2897 καὶ
750 2838 785 2914 δή
805 2837 853 2897 καὶ
872 2835 916 2898 ότι

111 2925 212 3005 Ξείνης
228 2924 399 3004 Ἀφροδίτης
415 2927 570 3005 ἐπωνόμιόν
588 2932 659 2986 ἔστι·
684 2924 741 2985 ὅσα
760 2924 816 3006 γοϊρ
836 2923 914 2984 ἄλλα

111 3013 283 3092 Ἀφροδίτης
307 3014 353 3093 ϊρό
373 3020 444 3087 ε’στι,
465 3014 592 3093 οὐδαμῶς
612 3011 711 3089 Ξείνης
731 3012 916 3072 ἐπικαλέεται.

111 3099 234 3183 Ἔλεγον
247 3100 278 3162 δέ
289 3128 339 3180 μοι
352 3106 380 3163 οἳ
393 3102 463 3180 ϊρέες
476 3101 633 3179 ἱστορέοντι
645 3099 681 3160 τό
694 3098 758 3177 περὶ
770 3098 896 3175 Ἑλένην,
906 3100 964 3159 113

112 3188 248 3269 γενέσθαι
269 3187 331 3249 ὧδε·
350 3188 536 3267 Ἀλέξανδρον
558 3186 727 3264 ἁρπάσαντα
746 3184 864 3263 Ἑλένην
885 3190 917 3245 ἐκ

116 3273 250 3354 Σπάρτης
275 3273 430 3337 ἀποπλέειν
455 3281 483 3340 ἔς
504 3275 559 3351 τήν
585 3276 695 3334 ἑωυτοῦῖ
729 3272 778 3333 καί
799 3297 857 3351 μιν,
881 3272 918 3337 οἷς

968 3370 1068 3477 ἕ
