2150 3500
140 156 144 163 ,
179 108 227 155 ιιι
484 106 666 157 Ἦνοιοτοτ
910 105 974 169 [ιιι.

178 185 293 265 δεύτερα
316 188 354 258 δέ,
374 188 479 248 τούτων
497 191 554 248 τῶν
572 186 588 248 ὁ
608 185 768 265 μούναρχος
782 187 873 245 ποιέει
893 185 978 247 οὐδέν·
1048 231 1050 266 !

179 274 261 354 πάλῳ
282 277 334 351 μὲν
356 274 445 353 ἀρχάς
468 273 557 353 ἄρχει,
578 273 732 333 ὖπεώθυνον
752 274 784 332 δὲ
804 272 900 352 ἀρχὴν
918 274 979 351 ἔχει,
1048 271 1050 282 ’

155 434 161 443 1
178 361 360 438 βουλαίματα
373 362 403 421 δὲ
416 362 508 422 πάντα
526 367 555 424 ἐς
566 361 600 421 τό
620 359 713 420 κοινόν
726 360 872 436 ἀναφέρει.
913 363 980 421 τίθε·

178 475 231 525 μαι
256 448 294 510 ὦν
322 449 443 530 γνώμην,
470 451 602 525 μετέντας
631 448 721 525 ἡμέας
748 450 926 528 μουναρχίην
948 450 981 509 τό

180 539 290 614 πλῆθος
311 538 408 607 ἀέξειν·
436 542 466 597 ἐν
485 536 543 617 γάρ
561 540 601 615 τῷ
620 540 722 615 πολλῶ
745 538 786 595 ἔνι
805 536 844 596 τά
866 536 981 596 πάντα.“

132 627 168 685 81
179 624 299 702 Ὀτάνης
309 627 362 703 μὲν
377 624 411 700 δή
428 624 532 700 ταύτην
546 623 600 700 τὴν
618 623 732 705 γνώμην
752 624 885 701 ἐσέφερε.
926 630 982 683 Με·

178 712 304 793 γάβυζος
330 713 359 772 δὲ
384 712 537 793 ὀλιγαρχίῃ
564 712 674 771 ἐκέλευε
694 711 867 788 ἐπιτράπειν,
895 714 983 794 λέγων

180 800 256 859 τάδε·
281 800 342 860 “vd
361 802 413 877 μέν
432 799 552 876 Ὀτάνης
572 800 632 859 εἶπε
649 800 799 877 τυραννίδα
818 798 926 869 παύων,
939 804 983 859 λε·

179 887 273 967 λέχθω
301 887 385 964 κάμοὶ
410 891 508 947 ταῦτα·
542 887 578 947 τά
601 887 624 948 δ
645 892 673 950 ἐς
693 887 727 947 τό
753 888 869 963 πλῆθος
897 886 982 969 ἀνυγε

181 977 277 1053 φέρειν
298 976 342 1035 τά-
359 975 467 1052 κράτος,
488 975 600 1057 γνώμης
619 980 669 1051 τῆς
689 975 809 1051 ἀρίστης
829 975 980 1053 ἡμάρτηκε
1048 1025 1050 1055 3

179 1062 280 1141 ὁμίλου
295 1064 350 1144 γάρ
371 1063 489 1143 ἀχρηίου
510 1062 590 1123 οὐδέν
610 1068 672 1123 ἐστι
691 1062 907 1139 ἀξυνετώτερον,
922 1064 983 1123 οὐδὲ
1048 1081 1050 1104 ²

178 1151 390 1230 ὑβριστότερον·
432 1152 482 1210 καί
497 1176 544 1211 τοι
561 1151 696 1228 τυράννου
717 1150 803 1227 ὕβριν
827 1150 983 1232 φεύγοντας
1048 1213 1050 1216 ,

180 1238 280 1318 ἀνδρας
306 1246 333 1303 ἐς
359 1238 448 1316 δήμου
474 1238 637 1299 ἀκολάστου
667 1237 752 1315 ὕβριν
778 1240 896 1299 πεσέειν
922 1241 982 1299 ἐστὶ
1048 1233 1050 1240 ¹

180 1327 305 1406 οὐδαμῶς
325 1326 491 1407 ἀνασχετόν·
515 1327 532 1387 ὁ
551 1330 605 1404 μὲν
622 1327 678 1408 γάρ
698 1328 724 1385 εἴ
741 1352 771 1387 τι
790 1328 890 1396 ποιέει,
905 1328 982 1408 γινώ-

179 1442 255 1477 σκων
274 1417 370 1476 ποιέει·
399 1419 438 1493 τῷ
457 1415 487 1475 δέ
507 1414 539 1474 οὗ
558 1415 706 1495 γινώσκειν
726 1416 775 1474 ἔνι·
797 1419 853 1478 κῶς
871 1416 930 1496 γάρ
950 1415 983 1475 ἂν

178 1504 319 1584 γινώσκοι,
342 1502 372 1566 ὃς
392 1502 448 1562 οὔτ’
469 1503 601 1582 ἐδιδάχθη
621 1502 685 1563 οἶσε
704 1502 762 1563 οἶδε
782 1503 874 1563 καλόν
894 1504 981 1573 οὐδὲν,
1048 1555 1050 1576 ,

179 1591 236 1650 οὐδ’
252 1591 356 1666 οἶκήϊον
365 1616 374 1661 ;
396 1590 474 1651 ω’θέει
491 1618 523 1650 τε
542 1590 671 1667 ἐμπεσών
690 1590 726 1651 τά
743 1590 902 1672 πρήγματα
919 1591 982 1651 ἀνευ
1048 1605 1050 1612 “

179 1678 252 1749 νόου,
272 1678 413 1758 χειμάρρῳ
433 1684 550 1759 ποταμῷ
570 1681 671 1743 ἴκελος.
711 1678 791 1758 δήμῳ
811 1681 866 1757 μέν
886 1706 943 1751 νυν,
957 1680 983 1739 οἳ

181 1767 313 1844 Πέρσῃσι
334 1767 419 1826 κακόν
439 1769 560 1838 νοέουσι,
581 1766 659 1828 οὗτοι
678 1767 822 1847 χράσθων·
851 1768 935 1844 ἡμεῖς
950 1769 981 1829 δὲ

179 1853 283 1930 ἀνδρῶν
302 1859 358 1914 τῶν
377 1853 499 1932 ἀρίστων
520 1856 697 1925 ἐπιλέξαντες
715 1855 839 1933 ὁμιλίην,
855 1856 983 1917 τούτοισι
1048 1882 1050 1921 ῑ

164 1965 166 1970 ’
178 1943 347 2020 περιθέωμεν
359 1941 396 2002 τό
407 1942 516 2020 κράτος·
538 1949 568 2002 ἐν
583 1943 638 2024 γάρ
652 1943 687 2019 δη
700 1943 828 2004 τούτοισι
841 1945 889 2002 καὶ
903 1944 983 2005 αώτοὶ

180 2031 342 2109 ἐνεσόμεθα·
360 2031 481 2108 ἀρίστων
494 2031 523 2089 δέ
536 2016 644 2109 ἀνδρῶν
657 2030 731 2094 οἶκός
743 2029 849 2108 ἄριστα
861 2033 982 2107 βουλεύ-

178 2145 254 2194 ματα
266 2118 420 2202 γίνεσθαι”
454 2118 626 2200 Μεγάβυζος
638 2122 690 2196 μὲν
703 2119 737 2195 δὴ
750 2119 856 2195 ταύτην
868 2121 982 2201 γνώμην
1048 2157 1050 2161 ·

132 2210 305 2286 82ἐσέφερε.
346 2208 444 2284 Τρίτος
468 2207 497 2266 δὲ
521 2210 640 2283 Δαρεῖος
660 2203 839 2266 ἀπεδείκνυτο
858 2208 980 2289 γνώμην,

177 2297 277 2376 λέγων·
312 2297 396 2372 “ἐμοὶ
419 2296 449 2355 δὲ
471 2295 507 2355 τοὶ
529 2299 582 2373 μὲν
605 2295 665 2354 εἶπε
692 2294 866 2375 Μεγάβυζος
893 2301 924 2359 ἐς
946 2297 980 2355 τό

177 2385 288 2457 πλῆθος
307 2385 405 2461 ἔχοντα
426 2383 515 2442 δοκέει
534 2383 623 2460 ὀρθῶς
635 2383 724 2453 λέξαι,
737 2382 773 2442 τά
786 2382 810 2442 δ’
823 2387 854 2446 ἐς
866 2383 981 2464 ὀλιγαρ

177 2472 243 2548 χίην
256 2470 305 2528 οὐκ
318 2470 416 2545 ὀρθῶς·
436 2476 519 2548 τριῶν
530 2471 587 2552 γάρ
599 2471 794 2549 προκειμένων,
809 2472 857 2529 καὶ
870 2471 981 2531 πάντων

178 2563 233 2618 τῶν
252 2558 326 2638 λέγω
353 2557 474 2633 ἀρίστων
500 2559 600 2621 ἐόντων
620 2559 722 2642 (δήμου
741 2585 773 2619 τε
793 2558 914 2636 ἀρίστου
934 2561 981 2619 καὶ

177 2645 341 2726 ὀλιγαρχίης
366 2645 411 2702 καὶ
430 2645 603 2727 μουνάρχου)
623 2651 724 2725 πολλῷ
741 2650 827 2706 τοῦτο
847 2649 980 2726 προέχειν

178 2735 260 2815 λέγω.
302 2732 402 2810 ἀνδρός
419 2734 474 2815 γάρ
492 2733 551 2797 ἑνός
564 2739 615 2794 τοῦ
633 2735 751 2812 ἀρίστου
768 2734 849 2794 οὐδὲν
865 2735 981 2810 ἄμεινον

176 2821 210 2881 ἀν
231 2823 341 2897 φανείη·
361 2821 458 2902 γνώμῃ
477 2821 532 2901 γάρ
552 2821 666 2900 τοιαύτῃ
686 2821 851 2900 χρεώμενος,
870 2827 981 2900 ἐπιτρο-

176 2909 256 2967 πεύοι
279 2908 312 2968 ἂν
338 2909 492 2985 ἀμωμήτως
518 2912 569 2967 τοῦ
595 2910 728 2983 πλήθεος·
762 2908 869 2989 σιγῷτό
891 2936 926 2970 τε
945 2910 980 2970 ἂν

173 2995 357 3074 βουλεύματα
383 2995 428 3052 ἐπὶ
449 2995 601 3069 δυσμενέας
624 2995 725 3072 ἄνδρας
744 2996 819 3055 οὕτω
838 2996 979 3072 μάλιστα.

174 3084 203 3137 ἐν
221 3081 251 3137 δὲ
270 3081 428 3159 ὀλιγαρχίῃ,
442 3083 580 3138 πολλοῖσι
596 3079 697 3156 ἀρετὴν
714 3084 891 3154 ἐπασκέουσι
904 3089 935 3147 ἐς
946 3085 980 3144 τό

173 3166 273 3237 κοινόν,
288 3167 371 3242 ἔχθεα
391 3167 447 3224 ἴδια
466 3164 569 3244 ἶσχνρά
590 3170 685 3240 φιλέει
698 3171 874 3250 ἐγγίνεσθαι·
894 3170 981 3235 αὐτός

169 3248 224 3324 γάρ
249 3250 367 3312 ἕκαστος
385 3251 562 3326 βουλόμενος
581 3259 735 3328 κορυφαῖος
755 3257 827 3317 εἶναι
845 3257 983 3338 γνώμῃσί
