2150 3500
103 111 218 175 ου-οε]
429 112 594 162 mmm.
860 113 907 164 ιαο

102 189 195 254 πόκας
215 186 300 250 αύτδν
321 187 467 266 πρότερον,
489 189 522 249 ού
544 192 676 267 περιορᾶν
696 189 824 268 παριέναιΙ
843 189 909 250 ἀλλ’

104 275 262 354 ἀπερύκειν·
282 274 375 336 τόνδ’
395 277 426 346 ἐξ
444 275 537 352 ἀλλης
552 275 652 340 πόλιος
667 275 844 358 ἀγαγόμενον
863 277 910 338 ἀν·

104 364 235 442 θρύπους
251 361 316 426 τούς
331 388 363 424 τε
379 362 543 442 προπόλους
555 366 677 444 τρηχέως
692 369 849 442 περισπεῖν,
864 365 911 424 καὶ

106 453 236 514 ἐσελθεῖν
256 451 334 528 παρὰ
356 450 409 527 τήν
429 452 546 529 μητέρα·
573 451 629 514 οἶπδ
652 451 752 512 τούτου
775 456 814 530 τῷ
829 452 911 530 Ἀρεῖ

105 539 212 616 ταύτην
223 539 276 616 την
288 540 402 621 πληγὴν
415 544 446 600 έν
457 543 494 618 τῇ
507 539 577 620 ὁρτῇ
590 540 761 618 νενομικέναι
775 540 859 616 φασί.

150 629 209 688 Καὶ
233 627 267 688 τδ
293 627 334 705 μὴ
361 627 518 709 μίσγεσθαι
543 628 655 709 γυναιξὶ
678 632 707 689 ε’ν
731 631 818 705 ἱροῖσι
841 627 912 706 μηδὲ

107 715 247 781 ἀλούτους
259 714 316 776 ἀπό
328 719 466 797 γυναικῶν
483 721 511 780 ἐς
530 716 577 794 ἶροὶ
596 709 709 788 ε’σιέναι,
724 713 804 777 οὗτοί
816 721 871 778 εἶσι
885 719 912 777 οἶ

107 808 216 882 πρῶτοι
233 802 466 881 θρησκεύσαντες.
507 806 535 863 οἱ
554 805 607 881 μὲν
626 803 682 886 γάρ
702 801 788 864 ἄλλοι
809 804 913 886 σχεδόν

107 891 212 956 πάντες
237 890 386 969 ἀνθρωττοι,
407 889 486 968 πλην
506 891 666 972 Αἰγυπτίων
687 893 734 952 καὶ
757 891 912 970 Ἑλλήνων,

22 988 28 993 ’
107 979 262 1061 μίσγονται
282 984 311 1039 ἒν
328 982 424 1058 ἱροῖσι·
445 979 492 1041 καὶ
505 977 562 1040 ἀπὸ
577 984 714 1061 γυναικῶν
728 979 913 1059 ’ἀνιστάμενοι

108 1066 227 1128 ὅλουτοι
246 1067 411 1146 ἐσέρχονται
432 1071 461 1131 ἐς
482 1066 550 1146 ἱρδν,
574 1068 732 1146 νομίζοντες
753 1067 914 1146 ἀνθρώπους

110 1154 183 1216 εἶναι
203 1154 326 1233 κατάπερ
346 1155 382 1216 τά
402 1154 481 1214 ἀλλα
502 1153 611 1230 κτήνεα·
637 1156 683 1214 καὶ
704 1155 759 1237 γάρ
780 1156 817 1216 τά
837 1155 914 1216 ἀλλα

110 1242 214 1320 κτήνεα
227 1243 295 1321 ἀρᾶν
304 1243 351 1303 καὶ
364 1241 481 1320 ὀρνίθων
490 1243 573 1324 γένεα
586 1241 740 1322 ὀχευόμενα
753 1245 782 1304 ἔν
794 1270 825 1305 τε
837 1248 915 1304 τοῖσι

110 1333 207 1408 νηοῖσι
225 1335 281 1392 τῶν
299 1332 369 1392 θεῶν
388 1332 435 1390 καὶ
455 1335 485 1392 ἓν
499 1334 577 1392 τοῖσι
596 1331 735 1406 τεμένεσι·
756 1335 781 1392 εἶ
794 1330 832 1392 ὧν
845 1332 915 1391 εἶναι

108 1422 152 1498 τῷ
176 1421 230 1499 θεῷ
252 1423 336 1480 τοῦτο
356 1418 398 1496 μὴ
420 1419 516 1496 φιλον,
542 1416 592 1479 ου’κ
613 1416 656 1478 ἂν·
672 1417 736 1480 οὐδὲ
755 1418 791 1479 τοὶ
814 1418 915 1495 κτήνεα

110 1507 227 1568 ποιέειν.
260 1504 337 1568 οὗτοι
349 1507 402 1584 μέν
415 1532 464 1568 νυν
475 1509 592 1568 τοιαῦτα
606 1507 789 1589 ἐπιλέγοντες,
803 1511 916 1568 ποιεῦσι

112 1596 180 1672 ε’μοί
191 1621 226 1678 γε
246 1594 296 1655 ούκ
314 1593 430 1673 ἀρεστοί·
450 1593 601 1676 Αἰγύπτιοι
615 1595 646 1656 δὲ
666 1594 854 1672 θρησκεύουσι
868 1621 916 1656 πε-

111 1687 222 1763 ρισσοῖς
233 1682 270 1745 τό
280 1708 312 1744 τε
325 1681 404 1743 ἀλλα
416 1683 481 1762 περὶ
493 1682 529 1743 rot
543 1680 598 1761 ἱρά,
611 1683 660 1742 καὶ
672 1683 706 1761 δὴ
721 1683 767 1744 καὶ
779 1682 855 1744 τάδε.

154 1772 263 1833 Ἐοῦσα
277 1772 308 1832 δὲ
322 1773 464 1854 Αἴγυπτος
483 1770 604 1851 ὅμουρος
620 1775 656 1851 τῇ
673 1771 770 1852 Λιβύη
789 1772 822 1833 ού
836 1772 916 1850 μάλα
924 1773 961 1833 65
1036 1830 1040 1837 .

113 1860 250 1938 θηριιύδης
263 1860 334 1921 ἐστί·
354 1858 390 1919 τά
404 1860 434 1920 δὲ
447 1859 529 1921 ε’όντα
544 1865 602 1936 σφι
621 1860 732 1921 ἅπαντα
749 1859 795 1938 ἱροὶ
809 1860 916 1938 νενόμι-

113 1974 192 2010 σται·
221 1948 267 2008 καὶ
287 1948 325 2009 τά
342 1949 396 2027 μὲν
415 1946 564 2025 σύντροφα
584 1946 696 2008 αύτοῖσι
715 1952 793 2010 τοῖσι
812 1947 916 2026 ἀνθρύ-

113 2062 205 2109 ποισι,
221 2035 257 2098 τά
276 2036 307 2097 δὲ
322 2035 365 2096 ού.
405 2038 461 2098 τάν
480 2036 511 2095 δὲ
527 2035 629 2098 εἵνεκεν
649 2034 755 2098 ἀνεῖται
773 2035 810 2097 τά
828 2036 875 2113 ἱροὶ
893 2038 917 2096 εἰ

114 2126 236 2208 λέγοιμι,
247 2124 404 2202 καταβαίην
414 2122 449 2185 ἀν
460 2126 499 2203 τῷ
511 2122 589 2205 λόγῳ
599 2128 627 2188 ἐς
638 2123 674 2185 τοὶ
685 2125 747 2185 θεῖα
755 2122 916 2204 πρήγματα,

113 2213 152 2275 τά
161 2213 216 2295 ἒγολ
229 2212 324 2295 φεύγω
336 2211 466 2290 μάλιστα
478 2211 663 2293 ἀπηγέεσθαι·
676 2211 712 2273 τά
722 2212 753 2271 δὲ
763 2212 809 2271 καὶ
823 2212 918 2287 εἴρηκα

47 2296 55 2311 ’
114 2300 207 2362 αύτάν
214 2300 381 2380 ἐπιψαύσας,
388 2299 526 2382 ἀναγκαίῃ
534 2297 822 2377 καταλαμβανόμενος
830 2299 917 2359 εἶπον.

114 2391 202 2469 νόμος
215 2391 247 2451 δέ
259 2394 321 2452 ἔστι
333 2389 397 2468 περὶ
414 2393 470 2450 τῶν
483 2389 585 2464 θηρίων
598 2384 650 2449 ὧδε
669 2388 747 2467 έχων·
767 2386 919 2465 μελεδωνοὶ

114 2479 320 2559 ἀποδεδέχαται
331 2482 382 2555 τῆς
392 2480 503 2556 τροφῆς
514 2476 599 2556 χωρὶς
613 2474 736 2538 ἔκόστων
750 2476 796 2535 καὶ
809 2476 919 2554 ἔρσενες

115 2568 165 2628 καὶ
180 2567 281 2645 θήλεαι
298 2570 354 2629 τάν
368 2565 536 2647 Αἰγυπτίων,
553 2566 609 2627 τῶν
629 2568 696 2629 παῖς
714 2563 792 2643 παρά
812 2562 918 2643 πατρός

115 2656 256 2717 ἐκδέκεται
268 2655 320 2731 τήν
332 2652 426 2731 τιμήν.
467 2655 495 2713 οἱ
511 2652 541 2713 δὲ
557 2656 587 2713 ἐν
601 2656 670 2733 τῇσι
685 2653 787 2716 πόλισι
804 2653 918 2713 ἔκαστοι

115 2743 202 2825 εύχάς
224 2742 313 2804 τάσδε
336 2749 393 2819 σφι
415 2740 612 2803 ἀποτελέουσι·
634 2740 780 2820 εὐχόμενοι
803 2742 842 2819 τῷ
864 2740 918 2819 θεῷ

113 2836 167 2896 τοῦ
180 2830 215 2894 ἂν
227 2830 247 2912 ᾖ
259 2830 293 2893 vo*
312 2830 418 2908 θηρίον,
432 2830 576 2907 ξυροῦντες
591 2830 647 2889 τάν
661 2828 777 2889 παιδίων
789 2826 808 2903 ἢ
819 2828 919 2887 πάσαν

114 2921 169 3000 τήν
188 2918 319 2999 κεῲώην
336 2916 355 2995 ἢ
372 2917 405 2979 τό
421 2914 543 2997 ἦμισυῆ
558 2916 592 2979 τό
605 2915 700 2993 τρίτον
714 2916 799 2992 μέρος
811 2917 865 2989 τῆς
876 2938 919 2973 κε-

115 3014 223 3089 φαλῆς,
245 3009 346 3070 ἱστᾶσι
364 3007 482 3085 σταθμῷ
500 3004 573 3084 πρός
592 3001 724 3085 ἀργύριον
742 3002 793 3066 τοὶς
811 3002 919 3080 τρίχας·

114 3098 150 3161 τό
170 3097 194 3159 δ’
214 3096 249 3158 ἀν
269 3095 386 3174 ἔλκύση,
411 3098 495 3154 τοῦτο
513 3095 551 3171 τῇ
577 3090 721 3168 μελεδωνῷ
742 3092 798 3150 τῶν
818 3089 920 3166 θηρίων

116 3186 199 3247 διδοῖ·
211 3185 231 3262 ἡ
241 3184 265 3245 δ’
275 3182 334 3245 ἀντ’
342 3182 427 3243 αὐτοῦ
439 3179 586 3259 τάμνουσα
600 3178 687 3257 ἰχθῦς,
700 3177 816 3257 παρέχει
828 3173 921 3253 βορὴν

115 3276 196 3336 τοῖσι·
222 3271 357 3349 θηρίοισι.
396 3266 491 3347 τροφὴ
519 3269 572 3343 μὲν
600 3264 636 3340 δη
666 3263 778 3326 αὐτοῖσι
806 3262 922 3337 τοιαύτη
