2150 3500
90 142 235 210 κιο-ιιι]
327 131 332 138 ’
412 126 575 196 mun.
843 143 893 196 ιιι

90 225 252 302 Μυκερίνου
264 224 509 302 ύποθνύσκουσαν,
523 229 554 286 ἐν
565 225 605 305 τῷ
621 225 734 303 ἐνιαυτῷ
750 220 829 294 ἅπαξ
844 249 893 302 μιν

90 311 143 372 τᾶν
154 311 237 388 ἥλιον
251 313 379 374 κατιδεῖν.
561 326 564 330 ’
826 379 827 382 ,
891 371 894 376 .

133 400 216 460 Μετοὶ
229 401 260 460 δέ
271 406 322 477 τῆς
338 400 475 482 θνγατρδς
495 399 529 462 τῦ
546 400 644 470 πάθος,
660 399 775 477 δεύτερα
786 399 873 480 τούτῳ
883 403 941 462 133

91 490 132 565 τῷ
149 487 271 564 βασιλέῖ
289 488 355 549 τάδε
374 489 516 568 γενέσθαι·
548 490 641 551 ἐλθεῖν
661 490 688 548 οἱ
706 487 842 565 μαντήῖον
862 493 892 548 ἐκ

91 579 216 640 Βουτοῦς
234 575 344 646 πόλιος,
358 575 395 640 ώς
408 575 533 653 “μέλλοι
552 575 586 646 ἐξ
605 576 666 635 έτεα
685 579 791 652 μοῦνον
809 575 894 652 βιούς

90 666 130 742 τῷ
142 663 254 744 ἐβδύμιρ
266 663 470 740 τελευτήσειν·”
488 663 538 725 τὸν
549 663 586 734 δέ,
598 663 686 732 δεινδν
695 661 894 740 ποιησάμενον,

89 750 203 829 πέμψαι
217 756 245 814 ἐς
262 751 296 812 τύ
316 751 451 829 μαντήϊον
467 757 506 830 τῷ
522 753 575 831 θεῷ
596 749 750 828 ὀνείδισμα,
764 750 893 830 ἀντιμεμ-

90 838 217 914 φόμενον
229 838 274 899 ὅτι
293 839 331 899 “ύ
348 842 401 916 μὲν
417 837 503 898 αύτοῦ
521 838 615 916 πατὴρ
631 839 678 900 καὶ
693 837 811 914 πάτρως,
826 839 894 900 ἀπο·

90 926 263 1002 κληίσαντες
275 926 312 987 τοὶ
325 927 371 1004 ἱρά
385 928 431 986 καὶ
444 927 515 987 θεαῖν
527 925 561 986 ού
574 925 744 1003 μεμνημένοι
757 925 834 985 οἷλλοῖ
848 927 895 986 καὶ

88 1012 165 1076 τοῦς.
185 1014 347 1092 ἀνθρώπους
374 1014 543 1092 φθείροντες,
571 1015 696 1090 ἐβίωσαν
722 1013 824 1094 χρόνον
849 1015 895 1086 ἐπὶ

88 1102 213 1173 πολλόν,
234 1101 318 1166 αύτδς
333 1101 357 1162 δ’
374 1094 565 1178 εύσεβήςέών
582 1101 686 1178 μέλλοι
700 1101 807 1180 ταχέως
823 1101 894 1163 οὕτω

87 1189 297 1266 τελευτήσειν·”
321 1194 351 1249 ἐκ
371 1190 402 1249 δὲ
420 1194 472 1250 τοῦ
492 1189 665 1269 χρηστηρίου
687 1188 761 1267 αύτῷ
781 1189 894 1267 δεύτερα
955 1185 957 1190 “

89 1277 186 1336 ἐλθεῖν
211 1277 333 1359 λέγοντα
364 1277 490 1338 “τούτων
518 1277 609 1338 εἵνεκα
639 1276 685 1335 καὶ
714 1277 896 1354 συνταχύνειν

87 1362 168 1440 αύτῷ
187 1363 238 1426 τών
258 1366 335 1442 βίον·
357 1365 391 1426 ού
411 1365 467 1445 γάρ
488 1364 610 1440 ποιῆσαί
627 1388 676 1440 μιν
696 1363 729 1424 πθ
750 1363 840 1442 χρεών
859 1363 895 1441 ἦν

47 1500 51 1505 .
86 1451 206 1511 ποιέειν·
227 1452 284 1514 δεῖν
295 1453 350 1535 γάρ
363 1454 506 1535 Αἴγυπτον
524 1453 679 1512 κακοῦσθαι
698 1449 739 1524 ἐπ’
754 1451 816 1510 ἔτεα
830 1478 893 1514 πεν-

86 1538 215 1614 τήκοντά
234 1542 327 1600 τεκαὶ
343 1539 455 1602 ἑκατόν·
483 1542 530 1600 καὶ
547 1539 613 1603 τούς
628 1541 680 1616 μὲν
697 1538 747 1614 δύο
761 1537 825 1603 τοῦς
837 1539 894 1618 πρῦ

88 1627 198 1687 ἐκείνου
221 1628 388 1710 γενομένους
407 1628 550 1706 βασιλέως
572 1627 672 1704 μαθεῖν
691 1631 784 1699 τοῦτο,
805 1631 895 1690 κεῖνον

88 1713 122 1774 δὲ
135 1713 195 1775 ού·”
213 1721 302 1778 ταῦτα
315 1716 476 1778 α’κούσαντα
488 1717 539 1778 τδν
551 1717 716 1793 Μυκερῖνον,
731 1715 767 1780 ώς
780 1741 892 1777 κατακε-

87 1803 227 1881 κριμένων
239 1804 293 1881 ἤδη
308 1808 336 1865 οῖ
352 1805 465 1875 τούτων,
478 1804 570 1884 λύχνα
585 1804 776 1881 ποιησάμενον
786 1805 892 1879 πολλά,

85 1890 163 1955 ὅκως
187 1893 293 1973 γίνοιτο
318 1892 376 1963 νύξ,
402 1892 549 1971 ἀνάψαντα
572 1892 651 1962 αύτθ,
679 1893 768 1953 πίνειν
793 1918 825 1954 τε
847 1894 895 1954 καὶ

87 1977 239 2041 εὐπαθέειν
251 1979 314 2041 ούτε
327 1980 432 2058 ἡμέρης
451 1980 515 2041 ούτε
527 1979 625 2043 νυκτός
642 1977 760 2053 ἀνιέντα,
776 1980 803 2042 ές
814 2006 845 2039 τε
857 1980 894 2041 τά

89 2066 160 2126 ἕλεα
173 2068 219 2127 καὶ
233 2068 270 2128 τά
286 2067 380 2129 ἄλσεα
397 2067 579 2146 πλανώμενον
600 2066 646 2125 καὶ
666 2066 710 2125 ἵνα
727 2065 894 2127 πυνθάνοιτο

89 2153 163 2214 εἶναι
175 2158 228 2237 γῆς
241 2157 412 2233 ἐνηβητήρια
426 2154 638 2231 ἐπιτηδεώτατο.
671 2156 767 2213 ’ταῦτα
782 2153 812 2212 δὲ
829 2159 888 2231 ἐμη

89 2245 200 2321 χανιῖτο
226 2242 316 2305 θέλων
341 2244 376 2304 τῦ
398 2243 533 2321 μαντήϊον
557 2240 727 2319 ψευδόμενον
749 2239 890 2313 ἀποδέξαι,

91 2330 139 2389 ἶνα
152 2333 179 2390 οἱ
197 2330 317 2391 δυώδεκα
331 2333 394 2391 ἔτεα
411 2329 473 2392 ἀντὶ
487 2330 518 2400 ἐξ
533 2328 614 2390 ε’τέων
631 2327 746 2411 γένηται
758 2330 787 2387 αἱ
800 2327 894 2393 νύκτες

85 2416 196 2495 ἡμέραν
208 2419 376 2496 ποιεύμεναι.
662 2454 674 2479 ι

134 2507 284 2583 Πυραμιδα
297 2508 387 2568 δὲκαὶ
400 2505 481 2573 οὗτος
493 2505 647 2589 ἀπελίπετο
660 2504 771 2567 πολλάν
787 2504 872 2566 ἐλάσ·
882 2507 940 2566 134

91 2617 137 2653 σω
153 2598 204 2654 τοῦ
219 2595 332 2672 πατρύς,
348 2595 464 2676 (ἐείκοσι
483 2595 577 2655 ποδοῖν
597 2594 786 2656 καταδέουσαν
802 2599 894 2655 κώλον

93 2681 213 2742 ἕκαστον
227 2687 311 2760 τριοῖν
330 2684 467 2761 πλέθρων,
481 2682 582 2760 ἐούσης
598 2682 792 2765 τετραγώνου,)
810 2683 894 2743 λίθου

82 2768 125 2829 .δέ
137 2774 166 2833 ἐς
177 2768 210 2829 τδ
223 2769 313 2846 ἥμισυ
326 2772 500 2831 Αἰθιοπικοῦ·
520 2769 573 2846 τήν
587 2770 620 2845 δὴ
633 2770 809 2848 μετεξέτεροί
819 2776 895 2846 φασι

91 2855 239 2933 Ἑλλήνων
263 2857 415 2922 Ῥοδώπιος
442 2860 551 2935 ἑταίρης
579 2856 709 2939 γυναικθς
740 2857 817 2925 εἶναι,
844 2854 894 2915 ούκ

93 2943 184 3022 ὀρθῶς
195 2946 334 3028 λέγοντες·
355 2946 418 3006 οῦδὲ
437 2945 474 3006 ὧν
487 2944 550 3005 ούδέ
569 2944 670 3008 εἰδότες
681 2970 731 3021 μοι
747 2943 894 3019 φαίνονται

93 3032 189 3112 λέγειν
200 3030 278 3094 οῦτοι
289 3032 351 3109 ἥτις
362 3032 397 3110 ἦν
409 3032 428 3109 ἡ
440 3032 585 3097 Ῥοδῶπις·
604 3030 639 3091 ου’
652 3030 706 3112 γὰρ
721 3028 755 3089 ἄν
768 3032 795 3089 οἱ
807 3054 894 3105 πυρα-

94 3119 163 3197 μβα
175 3120 312 3182 ἀνέθεσαν
327 3120 505 3197 ποιήσασθαι
522 3119 659 3193 τοιαύτην,
679 3121 707 3180 ἐς
723 3116 775 3191 τὴν
792 3113 893 3175 ταλάν-

94 3232 150 3267 των
169 3207 294 3286 χιλιάδες
313 3206 504 3286 ἀναρίθμητοι,
522 3206 558 3269 ώς
577 3204 654 3285 λύγῳ
676 3207 769 3277 εἰπεῖν,
787 3202 893 3262 ύναισί-

96 3319 211 3372 μωνται·
230 3294 302 3373 πρδς
315 3294 354 3365 δέ,
367 3293 412 3355 ὅτι
429 3293 499 3355 κατὰ
510 3292 637 3371 Ἀμασιν
656 3290 847 3371 βασιλεύοντα
859 3288 895 3367 ἦν
