2150 3500
87 140 127 199 οτι,
142 139 185 204 ιο]
419 142 553 190 οικωιι.
838 144 886 191 233

85 242 144 294 μοι,
172 218 218 277 καὶ
245 218 364 295 Σμέρδιν
389 219 439 279 τόν
466 218 563 295 Κύρου
588 220 688 295 μηκέτι
713 220 779 297 ύμῖν
806 219 888 283 ἐόντα

86 305 245 385 λογίζεσθε·
266 308 294 365 οἶ
313 306 343 364 δέ
362 304 428 381 ύμῖν
448 304 546 387 Μάγοι
567 306 715 382 κρατέουσι
734 310 789 367 τῶν
800 309 887 383 βασι·

85 393 181 469 ληίων,
202 392 253 453 τόν
271 418 303 452 τε
331 392 428 452 ἔλιπον
449 393 600 470 ἐπίτροπον
619 397 675 452 τῶν
695 395 786 454 οἰκίων
805 396 851 455 καὶ
871 395 888 459 0‘

85 480 191 540 ἐκείνου
217 479 357 557 ἀδελφεός
378 480 505 558 Σμέρδις.
546 478 597 541 τδν
615 482 668 556 μέν
688 507 736 541 νυν
757 480 887 559 μάλιστα

83 571 166 645 χρῆν,
192 572 257 645 ἐμεῦ
283 568 390 647 αἶσχρά
415 567 485 644 πρός
504 572 560 627 τῶν
579 567 687 648 Μάγων
706 569 887 642 πεπονθότος,

83 656 228 732 τιμωρέειν
244 656 314 733 ἐμοὶ,
329 654 410 761 οὖτμς
427 657 479 731 μὲν
492 654 597 734 οἷνοσίῳ
614 655 692 735 μόρῳ
709 656 888 734 τετελεύτηκε

82 741 141 802 ύπὸ
148 747 203 803 τιῦν
213 741 513 819 ἐωντοῦ.οι’κηῖοτότων·
527 742 627 803 τούτου
637 743 668 801 δὲ
677 745 776 820 μηκέτι
787 744 887 817 ἐόντος,

83 829 199 908 δεύτερα
219 834 275 891 τῶν
295 835 409 900 λοιπῶν,
432 829 505 907 ύμῖν,
527 830 550 889 ὦ
571 832 692 907 Πέρσαι,
713 832 822 912 γίνεταί
839 858 889 909 μοι

82 916 305 998 ἀναγκαιότατον
329 919 511 979 ἐντέλλεσθαι
537 918 574 978 τὰ
594 918 668 978 θέλω
686 944 737 995 μοι
756 920 888 1000 γενέσθαι

81 1009 221 1065 τελευτῶν
246 1006 296 1067 τόν
315 1008 391 1083 βίον·
425 1006 472 1066 καὶ
497 1005 531 1082 δή
552 1004 618 1082 ύμῖν
636 1005 703 1064 τόδε
723 1008 885 1082 ἐπισκήπτω

81 1092 165 1156 θεούς
187 1093 252 1156 τοῦς
271 1095 442 1171 βασιληίους
465 1094 626 1162 ἐπικαλέων,
648 1093 695 1151 καὶ
714 1096 803 1154 πᾶσιν
822 1094 889 1173 ύμῖν

81 1181 132 1239 καὶ
161 1181 290 1257 μάλιστα
320 1181 532 1261 Ἀχαιμενιδέων
562 1183 640 1240 τοῖσι
669 1185 815 1259 παρεοῦσι,
846 1185 887 1261 μή

80 1269 216 1345 περιϊδεῖν
227 1268 280 1345 τήν
297 1269 448 1350 ἡγεμονίην
461 1268 539 1332 αῦτις
552 1274 580 1331 ἐς
598 1268 714 1343 Μήδους
727 1272 902 1346 περιελθοῦ-’

81 1380 150 1415 σαν·
171 1356 246 1426 ἀλλ’,
262 1358 316 1416 εἶτε
328 1356 402 1436 δόλῳ
415 1357 512 1436 ἔχουσι
525 1355 613 1431 αύτήν
630 1355 801 1433 κτησόμενοι
814 1357 888 1439 δόλῳ

80 1442 335 1521 α’παιρεθῆναιῦπό
354 1444 453 1521 ύμέων·
476 1445 529 1504 εἴτε
550 1444 598 1503 καὶ
616 1444 712 1504 σθένεΐ
727 1470 779 1524 τεῳ
792 1471 888 1525 κατερ-

79 1532 248 1613 γασάμενοι,
265 1533 359 1593 σθένεϊ
380 1532 451 1592 κατὰ
469 1530 504 1593 τό
526 1532 660 1609 καρτερόν
671 1531 887 1595 ἀνασώσασθαι.

80 1621 130 1679 καὶ
143 1622 231 1679 ταῦτα
246 1622 298 1697 μὲν
313 1623 425 1679 ποιεῦσι
440 1619 506 1698 ύμῖν
526 1624 566 1701 γή
584 1644 617 1680 τε
637 1620 744 1698 καρτόν
765 1622 887 1701 ἐκφέροι,

80 1708 130 1766 καὶ
149 1708 277 1789 γυναῖκές
296 1734 329 1770 τε
349 1709 395 1768 καὶ
414 1708 531 1786 ποίμνια
551 1709 678 1780 τίκτοιεν,
693 1712 772 1770 ἐοῦσι
790 1715 818 1775 ἐς
835 1710 888 1772 τδν

78 1793 194 1856 ἅπαντα
208 1797 311 1875 χρόνον
329 1797 511 1874 ἐλευθέροισι·
532 1796 576 1873 μή
593 1796 839 1875 ἀνασωσαμένοισι
856 1800 887 1860 δέ

77 1882 134 1958 τήν
151 1882 243 1964 ἀρχήν
262 1883 326 1962 μηδ’
341 1884 540 1962 ἐπιχειρήσασι
559 1883 713 1956 ιῖνασιύζειν
726 1885 763 1944 τό
777 1886 887 1947 ἐναντία

77 1971 208 2031 τούτοισι
229 1970 346 2048 ἀρέομαι
366 1970 432 2047 ύμῖν
451 1973 593 2052 γενέσθαι·
616 1971 662 2030 καὶ
682 1972 808 2048 πρός-ἐτι
823 1973 885 2034 τού-

76 2085 166 2129 τοισι,
186 2058 220 2120 τό
240 2057 322 2123 τέλος
342 2058 478 2134 Περσέων
499 2058 607 2137 ἐκοίστῳ
628 2058 806 2138 ἐπιγενέσθαι
826 2061 886 2121 οἶον

78 2149 145 2223 ἐμοὶ
158 2145 328 2229 ἐπιγέγονε·”
369 2145 427 2223 ἅμα
444 2171 475 2206 τε
494 2147 572 2210 εἶπας
590 2146 708 2206 ταῦταὸ
723 2147 886 2224 Καμβύσης

77 2233 217 2294 ἀπέκλαιε
237 2237 334 2294 πᾶσαν
353 2233 405 2310 τήν
426 2237 526 2293 ἑωυτοῦ
547 2233 657 2310 πρῆξιν·
680 2232 793 2310 Πέρσαι
809 2232 832 2294 δ’
850 2235 932 2298 ὥς66

77 2320 133 2381 τόν
157 2322 286 2398 βασιλέα
312 2321 386 2382 εἶδον
413 2320 639 2391 ἀνακλαύσαντα,
666 2320 767 2387 πάντες
792 2321 829 2382 τό
853 2348 886 2383 τε

79 2410 202 2485 ἐσθῆτος
228 2410 348 2489 ἐχόμενα
377 2409 455 2488 εἶχον
488 2411 577 2468 ταῦτα
608 2409 811 2486 κατηρείκοντο,
838 2411 885 2470 καλ

80 2499 191 2578 οἰμωγῇ
217 2497 331 2578 ἀφθόνῳ
358 2497 529 2576 διεχρέωντο.
571 2496 643 2573 μετὰ
669 2497 700 2556 δέ
724 2503 821 2570 ταῦτα,
849 2498 886 2563 οἷς

80 2586 258 2660 ἐσφακέλισέ
283 2612 315 2647 τε
340 2585 374 2646 τό
401 2585 501 2646 ὁστέον
530 2585 577 2644 καὶ
603 2585 620 2646 ὁ
646 2585 736 2663 μηρός
761 2587 885 2667 τάχιστα

80 2673 184 2750 ἐσάπη,
211 2673 341 2752 ἀπήνεικε
362 2673 527 2751 Καμβύσεα
550 2673 603 2734 τόν
623 2674 727 2751 Κύρου,
748 2674 885 2750 βασιλεύ·

79 2785 173 2820 σαντα
195 2765 247 2838 μὲν
269 2762 305 2822 τὰ
326 2761 418 2822 πάντα
442 2761 511 2822 ἐπτοὶ
536 2762 597 2821 ἔτεα
618 2761 664 2819 καὶ
683 2766 773 2838 μῆνας
792 2761 883 2832 πέντε,

79 2845 187 2924 ἄπαιδα
210 2851 240 2908 δὲ
264 2849 299 2911 τδ
324 2850 457 2927 παράπαν
477 2850 559 2910 ἐόντα
579 2849 692 2925 ἔρσενος
714 2848 761 2906 καὶ
781 2847 884 2924 θήλεος

78 2934 176 3016 γόνου.
217 2937 351 3015 Περσέων
365 2938 394 2997 δέ
407 2942 482 2998 τοῖσι
497 2940 637 3015 παρεοῦσι
653 2934 771 3011 ἀπιστίη
784 2934 881 3011 πολλή

78 3022 243 3103 ῦπεκέχυτο,
262 3025 327 3088 τοῦς
348 3025 465 3106 Μάγους
483 3027 557 3103 ἐχειν
573 3024 609 3086 τὰ
626 3023 789 3104 πρήγματα·
816 3020 883 3081 ἀλλ’

78 3108 236 3184 ήπιστέατο
257 3113 303 3171 ἐπὶ
323 3112 447 3190 διαβολῇ
474 3115 560 3170 εἰπεῖν
584 3111 747 3187 Καμβύσεα
767 3109 802 3169 τό
823 3108 884 3167 εἶπε

79 3198 148 3274 περὶ
159 3204 209 3258 τοῦ
223 3199 358 3276 Σμέρδιος
375 3199 502 3269 θανᾶτου,
518 3199 563 3258 ἵνα
583 3201 610 3257 οἳ
630 3197 814 3274 ἐκπολεμωθῇ
827 3199 884 3255 πᾶν

79 3284 115 3345 τό
128 3287 280 3361 Περσικόν·
301 3284 378 3347 οὗτοι
391 3286 443 3363 μέν
459 3311 507 3346 νυν
526 3284 681 3360 ἠπιστέατο
697 3284 818 3362 Σμέρδιν
831 3281 884 3343 τόν

158 3366 187 3410 19
694 3370 697 3375 ’
