2150 3500
179 66 229 116 ιοι
491 27 676 163 ιιιπιιοιρυ
903 65 980 166 ριν.

176 142 308 214 πάλιν,’
293 169 322 206 ες
340 139 473 218 δεξιην’
453 142 583 223 απέργων
603 140 655 218 τήν
674 168 707 203 τε
726 141 844 219 Ὑλαίην
867 143 915 202 καὶ
936 145 983 204 τδν

130 233 169 292 56
177 228 345 312 Ἀχιλλήῐον
360 227 531 306 καλεόμενον
544 228 670 307 Δρόμον.
706 229 855 306 Ἕβδομος
874 230 906 289 δὲ
918 231 984 309 Γέρ-

177 345 228 398 ρος
238 315 365 394 ποταμδς
382 314 556 396 ἀπέσχισται
574 319 626 392 μὲν
648 316 705 377 άπδ
721 321 771 377 τοῦ
791 320 984 394 Βορυσθένεος

178 405 249 467 κατὰ
261 407 346 465 τοῦτο
355 408 406 480 τῆς
415 404 509 485 χώρης
521 409 549 466 ἒς
559 403 576 464 δ
588 403 779 485 γινώσκεταιὸ
791 407 983 483 Βορυσθένης·

178 492 352 573 ἀπέσχισται
367 493 419 568 μέν
439 517 487 552 νυν
508 495 539 550 έκ
560 491 661 552 τούτου
681 496 732 552 τοῦ
753 493 856 571 χώρου,
880 493 986 570 οὔνομα

178 581 208 640 δὲ
231 581 289 659 ἔχει
308 578 394 656 τόπερ
416 578 432 640 0‘
453 583 544 658 χῶρος
571 578 661 650 αὐτὸς,
684 580 796 657 Γέρρος,
819 581 891 657 ῥέων
912 580 938 640 δ’
960 589 986 646 ἐς

178 666 339 737 θάλασσαν,
353 667 455 744 οὐρίζει
473 667 527 744 τήν
545 693 577 726 τε
592 671 647 728 τῶν
662 667 804 744 Νομάδων
818 667 925 746 χώρην,
940 673 986 730 καὶ

176 755 228 832 τὴν
252 759 308 817 τῶν
333 756 495 832 βασιληίων
519 755 657 820 Σκυθέων·
691 754 796 816 ἐκδιδοῖ
822 755 853 815 δὲ
882 761 910 820 ἐς
936 758 986 820 τδν

130 842 337 922 57,Ὺπάκυριν.
372 841 496 924 Ὀγδοος
511 842 543 903 δὲ
555 841 589 920 δή
606 841 709 907 Τάναϊς
724 843 864 920 ποταμός·
885 844 917 907 ὃς
929 847 985 921 ῥέει

177 931 213 993 τοὶ
225 931 359 992 άνέκοιθεν
377 935 407 991 ἔκ
424 931 526 1008 λίμνης
541 930 669 1012 μεγάλης
682 930 867 1008 ὁρμεώμενος,
882 933 987 993 ἐκδιδοῖ

177 1020 208 1080 δὲ
221 1025 248 1084 ἔς
259 1020 333 1096 μέζω
347 1019 387 1079 έτι
398 1019 502 1096 λίμνην
516 1019 688 1097 καλεομένην
701 1022 834 1094 Μαιῆτιν,
845 1018 868 1096 ἢ
881 1019 986 1098 οὐρίζει

177 1108 286 1173 Σκύθας
297 1133 329 1169 τε
341 1105 407 1170 τούς
423 1107 595 1183 βασιληίους
615 1108 662 1165 καὶ
682 1105 878 1184 Σαυρομάτας·
914 1113 944 1172 ἐς
956 1109 986 1168 δὲ

172 1197 278 1274 ,Τάναϊν
296 1199 395 1257 τοῦτον
413 1193 503 1258 ἄλλος
519 1195 647 1280 ποταμὸς
665 1193 862 1274 ἐσβάλλει-τῷ
877 1194 987 1274 οὔνομά

126 1288 167 1344 58
177 1291 240 1346 ἔστι
246 1283 355 1366 Ὕργις.
394 1285 478 1342 Τοῖσι
490 1285 543 1360 μὲν
556 1281 590 1358 δη
605 1281 809 1364 οὐνομαατοῖσι
824 1287 987 1360 ποταμοῖσι

175 1373 247 1435 οὕτω
259 1373 294 1451 δή
306 1399 335 1434 τι
351 1375 379 1433 οἶ
394 1370 500 1436 Σκύθαι
516 1370 708 1431 ἐσκευάδαται·
728 1374 805 1430 τοῖσι
818 1371 850 1430 δὲ
864 1372 986 1448 κτήνεσι

172 1461 195 1538 ,ἦ
219 1463 288 1538 ποίη
313 1459 492 1537 α’ναφυομένη
519 1464 549 1519 ἐν
574 1463 610 1537 τῇ
638 1459 770 1538 Σκυθικῇ,
798 1459 862 1520 ἔστι
886 1466 985 1544 ἐπιχυ-

176 1548 289 1625 λωτάτη
310 1550 425 1608 πασέων
447 1548 548 1607 ποιέων
569 1551 625 1606 τῶν
647 1545 728 1624 ἡμεῖς
751 1546 838 1624 ἴδμεν·
871 1546 985 1632 άνοιγο-

174 1637 286 1714 μένοισι
307 1636 337 1695 δὲ
358 1639 435 1696 τοῖσι
457 1633 574 1712 κτήνεσί
592 1639 655 1696 ἐστι
676 1633 918 1712 σταθμώσασθαι,
940 1637 984 1700 ὅτι
1053 1711 1054 1714 ¹

173 1727 257 1785 τοῦτο
270 1721 356 1788 οὕτως
368 1724 449 1803 ἔχει..

127 1816 177 1875 59.
214 1811 257 1872 Τιῖ
273 1814 326 1888 μὲν
344 1811 378 1887 δὴ
393 1812 516 1894 μέγιστα
536 1810 607 1872 οὕτω
625 1817 682 1888 σφι
700 1810 806 1888 εύπορά
826 1816 901 1874 ἔστι.
945 1814 983 1875 τά
1052 1870 1053 1890 ,

173 1902 204 1962 δὲ
225 1900 313 1961 λοιπὰ
333 1899 436 1978 νόμαια
457 1900 528 1978 κατά
550 1899 617 1960 τάδε
638 1906 694 1976 σφι
715 1899 864 1959 διακέεται·
899 1901 984 1967 θεούς

173 1994 226 2069 μὲν
245 1989 364 2068 μούνους
389 1988 491 2050 τούσδε
518 1987 692 2048 ἱλάσκονται·
722 1986 831 2063 Ἱστίην
851 1989 906 2065 μὲν
926 1989 982 2065 μά-

173 2084 271 2141 λιστα·
298 2078 344 2139 ἐπὶ
361 2078 399 2149 δὲ,
412 2078 470 2137 Δία
485 2101 518 2136 τε
535 2075 582 2135 καὶ
595 2079 662 2151 Γῆν,
679 2076 837 2154 νομίζοντες
853 2076 908 2152 τὴν
921 2081 983 2153 Γῆν

174 2172 224 2228 τοῦ
245 2166 314 2231 Διδς
337 2166 406 2227 εἶναι
425 2168 552 2247 γυναῖκα·
579 2163 651 2241 μετιῖ
675 2164 706 2223 δὲ
725 2163 848 2234 τούτους,
871 2163 982 2225 Ἀπόλ-
1050 2228 1051 2240 ³

173 2254 250 2316 λωνά
270 2281 302 2315 τε
322 2255 369 2314 καὶ
395 2252 525 2331 οὐρανίην
547 2250 736 2328 Ἀφροδίτην,Ι
752 2253 798 2310 καὶ
820 2251 979 2329 Ἡρακλέα,

174 2343 326 2420 καὶἋρεα·
340 2341 454 2405 τούτους
465 2343 518 2417 μὲν
530 2340 632 2403 πάντες
645 2342 672 2399 οἱ
685 2338 791 2405 Σκύθαι
804 2342 980 2416 νενομίκασι·
1049 2370 1050 2414 ι

152 2498 157 2505 ,
175 2432 203 2490 οἶ
223 2430 253 2489 δὲ
274 2428 448 2509 καλεόμενοι
459 2428 612 2505 βασιλήϊοι
631 2426 737 2492 Σκύθαι
755 2428 802 2507 καὶ
814 2431 854 2506 τῷ
872 2435 980 2487 Ποσει·
1048 2502 1049 2511 ¹

174 2517 252 2577 δέωνι
272 2514 381 2576 θύουσι·
403 2514 584 2593 οὐνομάζεται
604 2515 798 2585 δὲ’Σκυθιστὶ,
811 2514 905 2591 Ἱστίη
927 2520 982 2593 μὲν
1048 2520 1049 2588 ί

173 2604 287 2682 Ταβιτί·
321 2602 388 2666 Ζεύς
408 2602 439 2662 δὲ
457 2602 619 2682 (ὀρθότατα,
639 2603 711 2663 κατὰ
736 2602 850 2685 γνώμην
872 2594 912 2683 ,γε
929 2604 983 2679 τήν
1047 2644 1048 2659 ι

174 2692 251 2769 ε’μῆν,
273 2690 453 2771 καλεόμενος)
473 2694 614 2771 Παπαῖος·
635 2696 679 2767 Γῆ
702 2691 731 2750 δὲ
752 2689 847 2749 Ἀπία·
871 2690 983 2751 Ἀπόλ-

176 2784 231 2839 λων
254 2780 284 2839 δὲ
306 2778 471 2856 Οἶτόσυρος·
499 2779 613 2855 οὐρανίη
636 2779 666 2838 δὲ
686 2778 841 2859 Ἀφροδίτη
863 2777 983 2855 Ἀρτίμ-

177 2890 263 2925 πασα·
287 2865 447 2973 Ποσειδέριν
466 2866 497 2925 δὲ
517 2865 733 2943 Θαμιμασάδας.
775 2864 931 2946 ἀγάλματα
952 2867 984 2925 δὲ
1045 2810 1047 2939 Ι

172 2952 219 3008 καὶ
239 2952 354 3027 βωμούς
375 2953 421 3010 καὶ
442 2951 523 3027 νηούς
545 2950 577 3009 οὐ
600 2954 747 3028 νομίζουσι
767 2954 880 3026 ποιέειν,
900 2954 983 3029 πλην

124 3033 260 3110 ὐθἊρηϊ·
281 3036 369 3115 τούτῳ
385 3038 415 3095 δε
420 3039 585 3146 νρμίζουσι.
626 3041 719 3115 Θυσίη
736 3039 800 3098 δε
781 3065 800 3114 η
818 3039 889 3115 αὐτη
903 3044 983 3099 πᾶσι

171 3122 325 3195 κατέστηκε
336 3124 401 3199 περὶ
413 3123 505 3183 πάντα
522 3122 559 3183 τοὶ
576 3123 622 3199 ἱρά
640 3125 750 3203 ὁμοίως,
764 3127 898 3204 ερδομένη
914 3125 979 3185 ὧδε·

169 3202 203 3258 τὰ
224 3208 277 3277 μὲν
301 3207 390 3280 ἶρήῖον
409 3208 478 3267 αὐτο
470 3207 743 3286 ἐμπεποδισμένον
763 3211 830 3275 τούς
850 3217 982 3289 ἔμπροσ-
