2150 3500
169 157 218 206 1⁰2
475 155 661 206 ἨΡΟΔΟΤΟΥ
944 151 983 216 [1-

121 238 181 298 205
214 233 275 296 Ἠν
288 234 326 307 δέ,
339 239 391 295 τοῦ
403 230 502 313 ἀνδρός
520 233 719 306 ἀποθανόντος,
735 227 805 315 γυνὴ
818 236 876 294 τῶν
888 237 984 292 Μασ-

169 323 310 404 σαγετέων
321 323 469 399 βασίλεια·
489 321 611 400 Τόμυρίς
623 325 650 382 οἱ
666 320 701 398 ἦν
715 321 826 398 οὕνομα
870 319 984 396 ταύτην

169 412 286 488 πέμπων
298 411 314 470 ὁ
328 415 422 488 Κῦρος
435 415 536 487 ἐμνᾶτο
549 409 685 490 τῷλόγῳ,
700 410 789 470 θέλων
805 412 933 490 γυναῖκα
946 407 984 484 ἢν

171 500 252 579 ἐχειν·
271 499 291 576 ἡ
304 499 334 559 δὲ
346 498 468 576 Τόμυρις
487 503 617 559 συνιεῖσα
631 498 681 558 ούκ
695 495 781 574 αύτὴν
796 522 846 574 μιν
866 495 983 574 μνώμε-

169 613 227 659 νον,
247 586 325 647 άλλά
343 586 396 663 τὴν
411 587 625 668 Μασσαγετέων
646 585 812 663 βασιληίην,
834 583 983 644 ἀπείπατο
1055 617 1056 646 ι

153 688 155 692 ’
169 675 222 751 τὴν
234 675 384 755 πρόσοδον.
425 679 520 754 Κῦρος
532 675 563 734 δέ
575 674 646 752 μετά
657 679 749 748 τοῦτο,
764 673 800 736 ὥς
813 675 840 732 οἶ
853 671 935 752 δόλῳ
950 672 983 733 ού

170 763 335 842 προεχώρεε,
349 761 455 826 ἐλάσας
468 764 514 822 ἐπὶ
526 763 577 823 τὸν
591 761 712 840 Ἀράξεα
727 760 852 822 ἐποιέετο
874 766 907 821 ἐκ
929 767 983 822 τοῦ

173 852 311 929 ἐμφανέος
330 851 376 910 ἐπὶ
387 851 452 914 τούς
465 850 661 932 Μασσαγέτας
674 850 835 928 στρατηίην,
847 848 983 930 γεφύρας

171 965 203 998 τε
210 937 357 1049 ζευγνύων
372 939 418 998 ἐπὶ
437 943 488 999 τοῦ
507 943 636 1017 ποταμοῦ
656 938 791 1015 διάβασιν
802 941 841 1016 τῷ
854 943 982 1018 στρατῷ,

175 1027 224 1086 καῖ
241 1026 364 1136 πύργους
384 1031 431 1087 ἐτι
419 1026 613 1088 πλοίων
573 1053 629 1088 των
649 1024 966 1104 διαπορθμευόντων
931 1052 983 1087 τον

127 1114 321 1218 206ποταμόν
345 1114 581 1219 οἰκοδομεόμενος.
624 1114 740 1195 Ἔχοντι
766 1113 848 1174 δέ
822 1140 850 1173 οι
876 1119 983 1176 τοῦτον

175 1223 225 1256 τον
236 1197 330 1268 πόνον,
343 1195 520 1275 πέμψασα
501 1222 521 1273 η
540 1195 662 1274 Τόμυρις
674 1196 779 1273 κὴρυκα
799 1195 881 1276 ἐλεγε
901 1194 982 1256 τάδε·
1055 1195 1056 1206 ’

173 1283 365 1362 “ὦβασιλευ
378 1284 491 1360 Μήδων,
510 1287 620 1344 παῦσαι
633 1283 760 1345 σπεύδων
778 1309 815 1342 τα
805 1281 981 1348 σπεύδεις·

177 1364 290 1447 ούγάρ
320 1364 355 1427 ἂν
382 1367 526 1442 εἰδείης*
501 1385 528 1425 ει
547 1391 593 1426 τοι
615 1370 643 1428 ἐς
664 1365 760 1443 καιρόν
782 1365 862 1424 ἔσται
888 1369 982 1426 ταῦτα

174 1448 336 1525 τελεύμενα·
355 1447 534 1524 παυσάμενος
555 1447 593 1516 δὲ,
615 1447 755 1523 βασίλευε
775 1450 831 1505 τῶν
852 1451 981 1507 σεωυτοῦ

107 1539 110 1544 ’
176 1537 222 1594 καὶ
234 1535 321 1614 ἡμέας
334 1533 433 1615 οἷνέχευ
446 1534 531 1612 ὁρέων
545 1533 683 1615 άρχοντας
701 1538 756 1596 τῶν
775 1559 828 1612 περ
842 1532 980 1614 άρχαμεν.

177 1620 263 1683 ούκων
276 1621 421 1697 ἐθελήσεις
440 1620 600 1702 ύτοθὴκησι
620 1623 718 1700 τῇσίδε
737 1622 881 1702 χρέεσθαι,
899 1622 981 1684 οἷλλά

177 1710 269 1772 πάντα
280 1714 394 1789 μᾶλλον
406 1708 424 1787 ἢ
438 1709 472 1771 δι’
484 1709 605 1791 ἡσυχίης
618 1710 699 1782 εἶνοι;
722 1711 759 1772 σι)
773 1709 803 1771 δὲ
813 1713 837 1769 εἰ
848 1709 982 1792 μεγάλως

177 1800 334 1876 προθυμέαι
345 1799 559 1881 Μασσαγετέων
577 1800 751 1877 πειρηθῆναι,
771 1799 848 1876 φέρε,
868 1798 982 1880 μόχθον

177 1890 229 1965 μὲν
250 1887 301 1948 τόν
324 1888 396 1968 ἐχεις
418 1888 530 1970 ζευγνδς
551 1887 601 1949 τόν
622 1886 751 1965 ποταμόν
773 1886 851 1963 ἄφες,
875 1886 914 1947 σι)
942 1888 980 1960 δὲ,

104 1984 107 1987 ’
178 1974 270 2052 ἡμέων
283 1975 523 2057 ἀναχωρησάντων
535 1975 592 2037 εἶπά
612 1980 662 2037 τοῦ
675 1980 804 2052 ποταμοῦ
816 1979 901 2054 τριῶν
913 1974 981 2053 ἡμε·
1055 2032 1056 2053 2

178 2065 248 2143 ρέων
268 2064 340 2136 ὁδόν,
363 2065 490 2141 διάβαινε
513 2069 541 2129 ἐς
561 2064 613 2140 τὴν
636 2064 781 2141 ἡμετέρην·
803 2068 828 2124 εἰ
848 2063 871 2123 δ’
891 2064 981 2141 ἡμέας
1055 2064 1056 2075 ’

179 2152 300 2231 βούλεαι
322 2154 491 2225 ἐσδέξασθαι
513 2156 628 2231 μᾶλλον
652 2158 680 2215 ἐς
701 2151 754 2228 τὴν
775 2152 921 2231 ύμετέρην·
943 2154 980 2213 σύ

180 2241 268 2303 τώυτό
278 2248 361 2303 τοῦτο
373 2241 476 2303 ποίεε.”
503 2245 591 2302 ταῦτα
599 2241 629 2301 δέ
637 2240 781 2304 άκούσαςό
793 2245 888 2318 Κῦρος
901 2266 980 2303 συνε·

181 2329 285 2390 κάλεσε
293 2328 499 2407 Περσέωντοῧς
506 2328 639 2407 πρώτους,
648 2330 814 2411 συναγείρας
823 2330 853 2389 δέ
865 2328 980 2393 τούτους
998 2324 1000 2329 ¹
1055 2360 1056 2367 ¹

180 2422 208 2480 ἐς
227 2418 318 2493 μέσον
340 2423 397 2492 σφι
418 2417 563 2493 προετίθεε
582 2416 615 2477 τό
637 2421 763 2499 πρὴγμα,
785 2416 980 2496 συμβουλευό-

182 2529 264 2581 μενος
277 2502 393 2580 ὁκότερα
405 2503 496 2583 ποιέῃ·
515 2508 572 2564 τῶν
591 2504 622 2564 δὲ
642 2506 711 2565 κατά
728 2504 816 2566 τώυτό
829 2508 860 2565 αἱ
872 2510 980 2587 γνῶμαι

180 2591 382 2661 συνεξέπιπτον
401 2590 568 2653 κελευόντων
581 2593 746 2654 ἐσδέκεσθαι
757 2592 879 2672 Τόμυρίν
891 2619 923 2654 τε
935 2596 981 2653 καὶ
1055 2610 1056 2615 ’

134 2679 251 2764 207τδν
275 2678 399 2757 στρατόν
425 2678 510 2757 αὐτῆς
536 2686 564 2745 ἐς
592 2681 644 2758 τὴν
669 2681 769 2762 χύρην.
812 2681 931 2761 Παρεαλν
952 2682 981 2741 δὲ

182 2768 228 2828 καὶ
239 2767 420 2846 μεμφόμενος
431 2767 484 2845 τὴν
495 2768 609 2851 γνώμην
627 2768 731 2846 ταύτην
744 2772 870 2847 Κροῖσος
889 2768 907 2829 ό
926 2776 979 2831 Λυ

140 2935 144 2941 “
182 2855 237 2928 δδς,
264 2856 441 2917 ἀπεδείκνυτο
468 2858 593 2935 ἐναντίην
621 2862 658 2937 τῇ
690 2858 857 2937 προκειμένῃ
884 2858 980 2939 γνύμη

183 2945 274 3026 λέγων
290 2944 365 3004 τάδε·
386 2943 434 3003 “ὦ
454 2946 588 3021 βασιλεῦ,
612 2945 689 3006 εἶπον
709 2948 761 3022 μὲν
781 2946 828 3005 καὶ
846 2946 981 3026 πρότερόν

182 3057 227 3093 τοι
240 3030 283 3093 ότι
297 3032 360 3091 ἐπεί
362 3058 404 3141 με
414 3032 481 3095 Ζεύς
489 3033 572 3091 ἔδωκέ
583 3059 635 3103 τοι,
644 3032 676 3093 τό
691 3030 725 3093 ἂν
739 3032 794 3112 όρῶ
804 3033 929 3111 σφάλμα
936 3034 981 3095 ἐδν
1055 3046 1056 3109 ξ

184 3120 250 3179 οἵκω
269 3124 308 3199 τῷ
333 3124 376 3198 σῷ
398 3145 469 3179 κατα
458 3119 606 3197 δύναμιν
627 3119 805 3201 ἀποτρέψειν·
825 3149 862 3182 τα
852 3122 933 3183 δέ
932 3150 981 3201 μοι
1055 3178 1056 3191 ,

183 3180 381 3284 παθὴμότα”
351 3232 432 3267 εοντα
444 3204 564 3319 ἀχάριτα
571 3206 728 3318 μαθήματα
739 3209 861 3291 γεγόνεε.
895 3214 919 3272 εἰ
930 3214 981 3289 μὲν

184 3290 322 3357 ἀθάνατος
337 3293 479 3356 δοκέεις’
452 3318 522 3354 ειναι
535 3294 582 3354 καὶ
594 3299 729 3373 στρατιῆς
743 3297 872 3375 τοιαύτης
887 3296 982 3375 σ”ρχειν
