2150 3500
92 131 233 197 149-150]
409 134 571 183 ET'PEPIIH.
846 133 893 182 183

89 212 139 272 καὶ
149 211 185 274 τό
197 212 257 272 κατ’
271 210 370 274 ῦδατος
383 211 563 289 οἰκοδόμηται
580 211 673 289 ἔτερον
690 213 821 271 τοσοῦτο·
848 210 895 270 καί

90 299 135 360 ἐπ’
150 299 331 378 ὀμφοτέρησι
346 300 444 359 ἐπεστι
460 298 603 362 κολοσσός
618 298 725 362 λίθινος
744 296 897 374 κατήμενος

90 392 121 447 ἐν
133 386 233 466 θρόνῳ.
275 385 359 466 (οὕτω
377 389 407 444 αἱ
423 388 476 461 μὲν
491 385 644 462 πυραμίδες
664 386 720 445 εἰσὶ
740 385 837 445 ἐκατόν
850 383 896 462 ὀρ·

88 475 198 555 γυιέων,
219 473 292 534 οἶδ’
316 472 415 533 ἐκατόν
435 471 547 554 ὀργυιαὶ
570 473 676 532 δίκαιαί
701 475 757 532 εἰσι
781 471 896 532 στιίδιον

89 561 274 640 ἐξόπλεθρον·
295 559 429 630 ἑξαπέδου
446 563 498 637 μὲν
510 563 562 636 τῆς
581 559 696 641 ὀργυιῆς
712 560 897 637 μετρεομένης

90 649 139 708 καὶ
158 647 357 727 τετραπήχεος·
383 651 439 708 τιῦν
458 647 553 708 ποδῶν
572 650 624 725 μὲν
647 648 897 724 τετραπαλαίστων

89 736 200 818 ἐόντων,
213 740 263 797 τοῦ
276 737 306 795 δὲ
318 735 425 814 πήχεος
444 735 676 815 ἑξαπαλαίστου.)
728 734 762 795 τό
781 735 811 794 δὲ
824 733 896 812 ὕδωρ

87 823 125 885 τό
138 830 170 885 ἐν
181 828 217 903 τῆ
230 824 317 902 λίμνῃ
330 823 471 905 αὐθιγενὲς
483 826 536 901 μὲν
550 822 600 883 οῦκ
616 824 687 883 ἐστι·
709 821 824 900 ἄνυδρος
838 822 895 904 γιίρ

89 911 127 988 δή
144 912 239 975 δεινιῦς
257 912 319 972 ἐστὶ
338 909 435 989 ταύτῃ·
456 915 488 971 ἐκ
506 915 559 972 τοῦ
576 911 685 970 Νείλου
703 910 733 970 δὲ
749 910 819 971 κατὰ
837 909 895 970 διιό-

89 1025 168 1078 ρυχα
193 1002 320 1075 ἐσῆκται,
345 999 391 1058 καὶ
412 999 444 1068 ἐξ
463 1001 515 1076 μὲν
534 1003 625 1077 μῆνας
645 999 700 1059 ἔσω
721 999 778 1076 ῥέει
799 1003 827 1062 ἐς
846 997 897 1075 τῆν

89 1088 198 1163 λίμνην
215 1087 247 1157 ἐξ
263 1087 294 1146 δέ
314 1089 406 1164 μῆνας
425 1086 477 1156 ἔξω
497 1091 525 1150 ἐς
544 1087 595 1147 τόν
615 1089 722 1147 Νεῖλον
743 1085 829 1149 αῦτις·
850 1087 896 1146 καὶ

90 1173 180 1234 ἐπεόν
191 1175 244 1252 μὲν
258 1175 338 1253 ἐκρέη
352 1174 411 1243 ἔξω,
424 1173 443 1249 ῆ
457 1174 487 1233 δὲ
500 1174 565 1235 τότε
576 1172 652 1254 [τοῦς
665 1173 697 1242 ἐξ
707 1171 808 1253 μῆνας]
824 1176 851 1236 ἐς
863 1173 897 1234 τῦ

89 1261 252 1338 βασιλήϊον
265 1260 442 1338 καταβάλλει
455 1260 497 1320 ἐπ’
506 1261 613 1338 ἡμέρην
628 1260 748 1337 ἑκάστην
759 1259 897 1320 τόλαντον

91 1349 230 1430 ἀργυρίου
249 1354 281 1410 ἐκ
296 1353 353 1410 τῦν
373 1347 483 1428 ἰχθύων,
504 1347 589 1408 ε’πειίν
608 1347 638 1408 δὲ
658 1347 721 1428 ἐσίῃ
734 1346 768 1409 τό
786 1346 857 1425 ῦδωρ
871 1352 898 1412 ἐς

91 1436 191 1513 αύτῆν,
206 1437 297 1498 εἰκοσι
311 1437 405 1513 μνέας.
441 1434 564 1518 Ἔλεγον
582 1436 612 1497 δὲ
629 1439 656 1496 οἱ
670 1434 812 1515 ἐπιχιύριοι
830 1435 876 1494 καὶ
886 1437 945 1495 150

93 1524 131 1589 ὥς
144 1530 173 1590 ἐς
185 1524 238 1601 τήν
251 1525 353 1602 Σύρτιν
365 1522 418 1600 τῆν
430 1528 460 1583 ἐν
472 1523 568 1604 Λιβύη
582 1523 715 1600 ἐκδιδοῖῆ
728 1525 814 1601 λίμνη
827 1521 898 1599 αῦτη

91 1612 151 1674 ῦπό
164 1616 228 1694 γῆν,
241 1613 416 1691 τετραμμένη
428 1611 462 1672 τό
481 1610 552 1689 πρός
569 1611 691 1689 ἑσπέρην
704 1616 732 1675 ἐς
748 1611 801 1687 τὴν
812 1608 898 1688 μεσό-

92 1726 179 1782 γαιαν
194 1700 272 1780 παρὰ
289 1699 323 1762 τῦ
339 1699 404 1778 ὅρος
423 1698 456 1761 τῦ
474 1699 545 1777 ῦπέρ
565 1699 708 1779 Μέμφιος.
749 1699 811 1759 ε’πεί
824 1724 855 1760 τε
868 1698 899 1759 δὲ

93 1793 147 1850 τοῦ
160 1789 319 1871 ὀρύγματος
335 1787 435 1849 τούτου
452 1786 502 1847 οῦκ
523 1786 608 1866 ὤρεον
623 1786 673 1848 τόν
690 1791 760 1867 χοῦν
776 1786 898 1864 ούδαμου

94 1875 187 1948 ἐόντα,
207 1877 350 1958 (ἐπιμελὲς
369 1874 424 1957 γιίρ
443 1875 478 1951 δή
498 1902 548 1951 μοι
565 1874 621 1957 ἦν,)
636 1874 749 1953 εἰρόμην
768 1874 833 1939 τοῦς
849 1873 899 1956 ὀγ-

94 1990 186 2044 χιστα
211 1966 351 2028 οἰκέοντας
376 1966 428 2038 τῆς
453 1965 563 2041 λίμνης,
591 1963 657 2023 ὅκου
682 1964 724 2039 εἴη
750 1962 767 2022 ὁ
789 1966 857 2041 χοῦς
882 1962 899 2023 α’

96 2053 265 2132 ἐξορυχθείς·
292 2056 320 2113 οἰ
340 2052 371 2112 δὲ
393 2050 521 2127 ἔφρασάν
538 2076 589 2128 μοι
606 2050 651 2110 ἵνα
669 2049 834 2126 ἐξεφορήθη,
854 2050 900 2109 καὶ

97 2139 233 2205 εὐπετέως
252 2141 371 2201 ἔπειθον·
391 2138 461 2219 ᾔδεα
479 2138 535 2220 γόρ
556 2136 633 2219 λόγῳ
654 2138 749 2197 καὶέν
769 2137 846 2217 Νίνῳ
864 2141 901 2215 τῆ

95 2227 258 2304 Ἀσσυρίων
275 2228 345 2288 πόλι
361 2225 511 2308 γενόμενον
528 2225 622 2303 ἕτερον
639 2228 760 2286 τοιοῦτο·
788 2222 824 2284 τιί
845 2224 900 2306 γιίρ

98 2316 343 2393 Σαρδαναπάλλου
354 2320 405 2376 τοῦ
416 2316 504 2375 Νίνου
514 2315 655 2393 βασιλέος
666 2312 807 2395 χρήματα,
821 2312 902 2374 ἐόντα

97 2405 213 2484 μεγόλα
233 2404 279 2464 καὶ
297 2402 505 2480 φυλασσόμενα
527 2407 557 2463 ἐν
577 2403 748 2480 θησαυροῖσι
770 2401 900 2483 καταγαί-

98 2518 168 2562 οισι,
189 2490 344 2569 ἐπενόησαν
361 2496 471 2555 κλιῦπες
490 2495 658 2567 ἐκφορῆσαι·
690 2495 720 2549 ἐκ
738 2488 772 2565 δῆ
789 2488 826 2549 οῦν
846 2493 902 2551 τιῦν

98 2580 246 2659 σφετέρων
256 2580 348 2640 οἰκίων
360 2579 510 2657 ἀρξόμενοι
520 2582 548 2638 οἱ
557 2583 673 2650 κλῶπες,
682 2577 738 2639 ῦπό
750 2582 805 2660 γῆν
816 2578 900 2639 σταθ·

97 2667 232 2747 μεόμενοι
255 2673 283 2731 ἐς
308 2669 344 2728 ταὶ
367 2666 512 2744 βασιλήῐα
532 2667 606 2727 οἰκία
633 2666 767 2745 ὅρυσσον·
801 2666 851 2729 τόν
870 2666 900 2726 δὲ

98 2759 172 2835 χοῦν
189 2754 239 2817 τόν
260 2755 464 2832 ἐκφορεόμενον
476 2760 507 2814 ἐκ
523 2759 575 2815 τοῦ
593 2753 758 2836 ὀρύγματος,
773 2752 841 2817 ὅκως
857 2753 903 2835 γε’·
956 2790 957 2793 ·

99 2867 179 2903 νοιτο
197 2842 256 2913 νῦξ,
271 2847 298 2906 ἐς
315 2844 365 2903 τόν
382 2843 479 2921 Τίγριν
495 2841 623 2920 ποταμόν
637 2841 831 2919 παραρρέοντα
850 2837 903 2916 τῆν

99 2933 192 2991 Νῖνον
214 2929 372 3007 ἐξεφόρεον·
406 2935 434 2993 ἐς
457 2929 474 2990 δ
498 2926 708 3011 κατεργάσαπο
731 2928 747 2988 ὅ
769 2954 798 2987 τι
822 2925 903 3004 ἐβού-

99 3022 198 3078 λοντο.
238 3022 365 3078 τοιοῦτον
379 3018 472 3095 ἕτερον
485 3017 596 3093 ἥκουσα
609 3017 654 3076 καὶ
667 3016 700 3076 τό
714 3019 765 3091 τῆς
777 3020 806 3074 ἐν
819 3012 903 3096 Αἰγύ-

100 3130 162 3183 πτῳ
175 3104 276 3181 λίμνης
289 3105 399 3187 ὄρυγμα
409 3105 551 3186 γενέσθαι·
572 3104 649 3180 πλῆν
662 3102 695 3163 οῦ
708 3102 813 3173 νυκτός,
826 3101 904 3161 ὀλλιί

100 3191 163 3269 μετ’
181 3192 288 3270 ἡμέρην
307 3192 479 3269 ποιεύμενον·
507 3192 682 3269 ὀρύσσοντας
696 3190 752 3272 γὰρ
767 3188 819 3251 τόν
835 3193 905 3269 χοῦν

100 3277 169 3344 τοῦς
187 3280 356 3360 Αἰγυπτίους
373 3285 402 3343 ἐς
418 3278 469 3341 τόν
484 3284 592 3340 Νεῖλον
607 3280 729 3356 φορέειν·
750 3277 766 3338 ὀ
786 3277 825 3347 δὲ,
837 3276 905 3339 ῦπο·
