2150 3500
183 95 232 149 ιιι
488 96 673 171 Ἠνοιοροι
918 96 977 161 [ιιι

183 178 284 236 ἐωυτοΰ
309 172 424 253 δύναμιν
449 177 634 255 περιέσεσθαι
658 181 710 253 τῆς
734 177 885 255 βασιλέος,
908 176 981 237 άλλά

184 262 331 341 φθονήσας
356 268 471 341 μᾶλλον
495 267 660 329 Συλοσῶντι
687 270 712 325 εί
737 266 859 343 ἀπονητὶ
885 267 982 343 ἔμελλε

183 349 405 429 ἀπολάμψεσθαι
430 351 560 430 α’κέραιον
584 352 636 429 τήν
660 353 756 415 πόλιν.
798 355 929 432 ἐρεθίσας
949 354 983 416 ῶν

181 438 247 502 τούς
260 441 383 516 Πέρσας,
397 440 476 501 ἔθελε
491 439 527 504 ῶς
538 439 736 502 ἀσθενέστατα
748 446 872 518 ποιῆσαι
883 441 921 503 τά
935 443 983 507 Σό-

182 552 235 605 μια
253 527 406 608 πρήγματα
426 528 473 588 καὶ
492 528 565 589 ούτω
583 530 776 608 παραδιδόναι,
794 530 827 590 εὖ
843 531 985 601 ἐξεπιστά-

182 634 265 693 μενος
285 615 320 678 ῶς
335 615 472 681 παθόντες
492 620 520 676 οἶ
540 617 653 694 Πέρσαι
668 622 759 682 κακῶς
774 644 986 697 προσεμπικρα-

183 703 296 775 νέεσθαι
322 704 442 780 ἐμελλον
467 708 546 765 τοῖσι
572 705 715 782 Σαμίοισι·
744 705 826 769 είδῶς
844 733 878 767 τε
902 710 989 786 ἑωυτήν

182 789 318 866 ἀσφαλέα
338 791 448 853 ἔκδυσιν
464 794 567 853 ἐοῦσαν
587 795 618 850 ἐκ
637 794 689 865 τῆς
707 789 799 866 νήσου
818 815 887 850 τοτε
908 796 989 860 ἐπεὰν

181 877 264 941 αύτός
277 879 428 956 βούληται·
449 880 599 955 ἐπεποίητο
611 877 667 959 γάρ
680 879 708 936 οἱ
720 876 830 953 κρυπτη
844 876 951 954 διῶρυξ
961 882 989 937 ἐκ

184 991 235 1043 της
252 966 422 1045 άκροπόλιος
438 966 568 1042 φέρουσα
581 966 628 1025 ἐπὶ
641 963 805 1026 θάλασσαν.
839 962 930 1027 αύτός
941 966 990 1039 μὲν

183 1055 217 1132 δή
230 1054 247 1115 6
260 1054 431 1133 Μαιάνδριος
445 1055 558 1114 ἐκπλέει
571 1058 602 1113 ἐκ
615 1057 666 1129 τῆς
680 1052 786 1129 Σάμου·
807 1050 878 1116 τούς
891 1053 924 1111 δὲ
936 1058 991 1113 ἐπι-

186 1143 300 1222 κούρους
312 1142 417 1206 πάντας
429 1141 553 1205 ὁπλίσας
566 1140 582 1201 6
595 1142 741 1218 Χαρίλεως
753 1140 801 1199 καὶ
808 1138 992 1202 ἀναπετάσας

181 1231 233 1297 τάς
252 1231 351 1314 πύλας,
366 1231 446 1307 ἐξῆκε
462 1232 509 1290 ἐπὶ
528 1228 596 1294 τούς
616 1230 733 1306 Πέρσας
751 1227 816 1288 οὔτε
832 1228 993 1310 προσδεκο-

183 1321 283 1398 μένους
300 1322 410 1380 τοιοῦτο
431 1317 510 1378 οὐδὲν
522 1317 668 1381 δοκέοντάς
679 1341 712 1377 τε
723 1316 758 1392 δή
771 1315 869 1377 πάντα
882 1319 994 1395 συμβε·

185 1408 283 1485 βάναι·
299 1390 467 1484 ἐμπεσόντες
479 1405 510 1464 δέ
523 1409 551 1465 οἱ
564 1406 707 1482 ἐπίκουροι
713 1408 769 1464 τῶν
778 1405 923 1482 Περσέων
930 1406 995 1467 τούς
1045 1439 1046 1480 5

183 1494 456 1573 διφροφορευμένους
473 1518 505 1554 τε
520 1495 567 1552 καὶ
581 1492 672 1574 λόγου
683 1494 823 1552 πλείστου
836 1491 942 1557 ἐόντας
955 1494 994 1551 ἔκ-

182 1608 282 1643 τεινον.
324 1582 370 1639 καὶ
396 1579 473 1642 οὗτοι
498 1584 552 1659 μέν
570 1585 659 1641 ταῦτα
683 1581 791 1641 ἐποίευν
812 1579 833 1655 ή
857 1580 892 1640 δὲ
914 1580 996 1656 άλλη
1045 1589 1046 1598 ’

183 1668 302 1749 στρατιή
323 1668 342 1745 ἡ
364 1669 493 1748 Περσική
522 1669 685 1745 ἐπεβοήθεε·
713 1667 888 1743 πιεζεύμενοι
909 1669 947 1729 δέ
970 1672 996 1728 οἶ
1045 1679 1046 1688 ’

184 1759 332 1835 ἐπίκουροι,
354 1757 446 1818 ὀπίσω
467 1757 676 1833 κατειλήθησαν
697 1763 726 1821 ἐς
745 1757 797 1832 τήν
819 1756 995 1834 άκρόιτολιν.

138 1847 193 1910 147
203 1845 322 1923 Ὀτάνης
338 1846 368 1906 δέ
385 1845 402 1906 6
417 1845 580 1927 στρατηγός
599 1845 767 1908 ἶδῶντάθος
781 1845 858 1925 μέγα
872 1847 997 1923 Πέρσας

183 1934 364 2004 πεπονθότας,
380 1933 495 1996 ἐντολάς
512 1959 545 1993 τε
559 1932 610 1996 τὰς
628 1932 747 2010 Δαρεῖός
759 1936 788 1993 οἶ
800 1932 997 1995 ἀποστέλλων

185 2023 353 2094 ἐνετέλλετο,
369 2022 441 2099 μήτε
462 2022 577 2082 κτείνειν
596 2021 703 2098 μηδένα
723 2020 836 2097 Σαμίων
850 2021 930 2097 μήτε
948 2022 996 2084 άν-

184 2113 399 2190 δραποδίζεσθαι
409 2110 519 2170 ἀπαθέα
530 2135 563 2169 τε
574 2113 664 2170 κακῶν
673 2108 826 2168 ἀποδοῦναι
837 2109 893 2185 τὴν
900 2114 996 2186 νῆσον

185 2202 355 2270 Συλοσῶντι,
375 2199 493 2259 τουτέων
512 2198 565 2275 μέν
583 2200 639 2257 τῶν
658 2197 793 2257 ἐντολέων
812 2200 996 2274 μεμνημένος

184 2288 395 2358 ἐπελανθάνετο,
415 2286 431 2346 6
451 2286 482 2346 δέ
501 2283 675 2365 παρήγγειλε
692 2288 729 2362 πή
748 2288 881 2363 στρατιῇ,
896 2287 996 2348 πάντα

183 2375 233 2435 τόν
247 2375 281 2436 ἂν
294 2375 410 2450 λάβωσι
423 2374 469 2433 καὶ
482 2371 569 2451 ἄνδρα
584 2373 631 2431 καὶ
645 2372 733 2432 παῖδα
746 2369 849 2447 ὁμοίως
862 2374 995 2434 κτείνειν·

184 2462 302 2521 ἐνθαῦτα
314 2466 364 2537 τῆς
377 2465 510 2538 στρατιῆς
524 2464 552 2521 οἱ
564 2462 617 2537 μὲν
628 2459 681 2536 τήν
689 2459 845 2536 ἀκρόπολιν
857 2462 995 2539 ἐπολιόρ-

187 2573 249 2608 κεον
267 2552 294 2608 οἱ
314 2548 344 2606 δὲ
364 2549 482 2608 ἔκτεινον
500 2548 593 2609 πάντα
612 2547 664 2608 τόν
683 2547 810 2625 ἐμποδῶν
828 2547 994 2628 γινόμενον,

139 2638 195 2697 148
204 2635 305 2712 ὁμοίως
324 2637 353 2695 ἐν
367 2661 398 2695 τε
418 2638 466 2716 ἱρῷ
481 2637 526 2695 καὶ
539 2637 590 2707 ἔξω
604 2639 674 2713 ίροῶ·
695 2634 867 2712 Μαιάνδριος
880 2635 906 2694 δ’
919 2637 994 2697 άπα-

183 2724 250 2802 δράς
270 2730 300 2784 ἐκ
316 2729 366 2801 τῆς
385 2724 482 2802 Σάμου
498 2725 611 2784 ἐκπλέει
624 2729 652 2788 ἐς
664 2723 868 2800 Λακεδαίμονα·
889 2721 994 2785 α’ττικά·

184 2837 268 2888 μενος
283 2812 306 2872 δ’
321 2817 348 2876 ἐς
366 2810 452 2886 αι’ντήν
471 2811 517 2869 καὶ
534 2811 743 2889 ἀνενεικάμενος
755 2811 791 2870 τά
803 2812 874 2889 ἔχων
888 2812 994 2892 ἐξεχύ-

181 2922 261 2972 ρησε,
282 2899 372 2957 ἐποίεε
392 2898 494 2957 τοιάδε·
523 2897 593 2960 ὅκως
612 2897 733 2975 ποτήρια
753 2897 875 2978 α’ργύρεά
890 2924 925 2958 τε
945 2903 994 2959 καὶ

182 2982 291 3058 χρύσεα
306 2984 447 3057 προθεῖτο,
462 2986 489 3042 οἱ
505 2985 559 3058 μέν
577 2983 743 3060 θεράποντες
760 2983 846 3043 αύτοῶ
860 2985 994 3062 ἐξέσμων

182 3066 261 3136 αὐτοὶ,
278 3068 295 3126 6
312 3069 341 3126 δὲ
355 3067 390 3126 ἂν
407 3069 456 3127 τόν
471 3068 574 3145 χρόνον
593 3073 694 3130 τοῦτον
713 3075 753 3149 τῷ
773 3072 934 3147 Κλεομένεΐ
954 3080 994 3154 τῷ

180 3147 395 3227 Ἀναξανδρίδεω
409 3158 439 3210 ἐν
450 3154 565 3231 λόγοισι
578 3154 637 3224 ἐῶν,
645 3156 833 3230 βασιλεύοντι
844 3158 992 3237 Σπάρτης,

181 3239 292 3316 προῆγέ
311 3262 358 3312 μιν
374 3241 402 3298 ἐς
419 3238 457 3296 τά
477 3240 560 3297 οἰκία·
581 3239 650 3304 ὅκως
670 3242 701 3301 δὲ
719 3244 807 3304 ἴδοιτο
820 3249 994 3326 Κλεομένης
