2150 3500
131 107 240 171 17—22]
511 108 624 160 κιυιο.
917 113 935 158 ο

126 185 265 264 πρότερον
283 190 310 247 οἷ
328 187 468 263 Μιλήσιοι
484 193 563 250 τοῖσι
580 189 679 250 Χίοισι
695 190 746 251 τόν
763 190 833 267 πρός
852 189 933 267 Ἐρυ-

127 273 241 350 θραίους
263 274 391 352 πόλεμον
413 275 613 352 συνδιήνεικαν.
653 281 699 357 Τῷ
720 278 751 337 δὲ
773 275 979 358 δυωδεκάτῳῙθ

127 361 183 420 ἔτεϊ
201 362 284 438 ληΐου
307 365 515 441 ἐμπιπραμένου
537 363 592 425 ύπδ
612 369 663 441 τῆς
683 370 825 443 στρατιῆς,
847 390 932 444 own·

126 449 225 527 νείχθη
234 475 262 510 τι
273 449 380 510 τοιόνδε
391 451 523 532 γενέσθαι
533 455 660 531 πρῆγμα·
674 448 711 515 οἷς
720 450 799 527 άφθη
807 449 932 529 τάχιστα

125 534 161 596 τό
184 536 267 614 λήϊον
290 537 380 618 οἶνέμῳ
404 538 554 617 βιώμενον,
577 537 669 617 ἅψατο
692 543 760 615 νηοῦ
781 537 932 616 Ἀθηναίης

126 625 279 700 ἐπίκλησιν
290 623 459 702 Ἀσσησίης·
492 625 593 702 οἶφθεϊς
609 627 639 686 δὲ
654 625 671 686 ό
684 625 750 702 νηός
766 624 931 705 κατεκαύθη·

127 712 175 771 καὶ
194 712 228 773 τό
246 715 402 792 παραυτίκα
420 715 473 790 μὲν
491 713 579 795 λόγος
599 713 686 777 οὐδεὶς
707 715 826 794 ἐγένετο·
858 713 932 791 μετά

125 799 166 870 δὲ,
184 805 235 876 τῆς
254 805 388 879 στρατιῆς
407 801 576 878 ἀπικομένης
596 806 623 866 ἐς
643 801 752 878 Σάρδις,
772 800 893 877 ἐνόσησε
912 798 930 861 ὅ

126 886 292 966 Ἀλυάττης·
311 890 484 968 μακροτέρης
500 889 531 948 δέ
547 892 574 949 οἶ
589 891 738 971 γενομένης
749 893 801 965 τῆς
817 887 928 960 νούσου,

126 975 231 1053 πέμπει
247 983 275 1042 ἐς
291 977 424 1054 Δελφούς
437 977 617 1054 θεοπρόπους,
633 979 687 1037 εἴτε
703 976 929 1054 δῆσυμβουλεύ-
983 983 987 990 ’

126 1063 232 1128 σαντός
246 1091 293 1125 τευ
310 1065 365 1125 εϊτε
383 1065 429 1124 καὶ
446 1063 519 1142 αὐτῷ
536 1065 612 1134 ἔδοξε
629 1066 779 1144 πέμψαντα
795 1064 845 1127 τόν
863 1063 929 1125 θεόν

126 1151 287 1228 ἐπείρεσθαι
298 1152 363 1230 περὶ
374 1156 424 1229 τῆς
433 1149 546 1212 νούσου·
563 1157 640 1211 τοῖσι
653 1151 683 1210 δὲ
693 1152 713 1227 ἡ
727 1152 822 1228 Πυθίη
832 1150 929 1212 άπικο·

127 1238 238 1312 μένοισι
248 1245 275 1303 ἐς
288 1238 421 1315 Δελφούς
434 1237 483 1298 ούκ
497 1239 553 1315 ἔφη
562 1239 687 1317 χρήσειν,
698 1240 763 1317 πρὶν
772 1237 792 1314 ἢ
801 1238 850 1299 τδν
860 1238 928 1315 νηδν

126 1329 178 1410 τῆς
188 1325 336 1405 Ἀθηναίης
346 1325 539 1404 ἀνορθώσωσι,
549 1327 599 1386 τόν
607 1328 762 1406 ἐνέπρησαν
774 1325 866 1406 χώρης
877 1352 929 1402 της

127 1415 274 1492 Μιλησίης
296 1421 327 1477 ἓν
346 1414 495 1492 Ἀσσησῷ.
537 1418 660 1490 Δελφῶν
686 1414 748 1473 οἶδα
774 1413 827 1494 ἐγώ
855 1413 926 1473 οὕτω
935 1415 974 1474 20

127 1498 251 1565 ἀκούσας
268 1503 410 1584 γενέσθαι.
452 1500 594 1578 Μιλήσιοι
614 1500 728 1561 δὲτάδε
747 1501 928 1578 προστιθεῖσι

127 1586 261 1649 τούτοισι·
284 1589 457 1667 Περίανδρον
475 1587 526 1650 τόν
547 1590 691 1668 Κυψέλου,
712 1588 793 1651 ἐόντα
816 1596 927 1667 Θρασυ-

126 1674 224 1757 βούλῳ
239 1681 278 1757 τῷ
294 1676 359 1737 τότε
379 1675 510 1754 Μιλήτου
527 1675 719 1755 ’τυραννεύοντι
739 1677 828 1748 ξεῖνον
845 1683 874 1743 ἐς
889 1676 927 1738 τά

126 1762 262 1837 μάλιστα,
274 1763 431 1843 πυθόμενον
447 1765 481 1825 τό
497 1764 670 1845 χρηστήριον
681 1764 715 1825 τό
730 1769 770 1844 τῷ
783 1764 926 1845 Ἀλυάττῃ

125 1850 276 1931 γενόμενον
293 1854 444 1932 πέμψαντα
461 1850 584 1934 ἄγγελον
600 1856 747 1924 κατειπεῖν,
764 1851 833 1915 ὅκως
849 1851 883 1912 όν
897 1876 926 1913 τι

126 1939 260 2016 προειδώς
281 1940 352 2018 τρδς
376 1939 411 2001 τό
435 1939 541 2018 παρεόν
562 1939 743 2017 βουλεύηται.
784 1939 926 2016 Μιλήσιοι

125 2028 179 2101 μέν
193 2054 243 2089 νυν
260 2020 331 2089 ούτω
349 2028 467 2110 λέγουσι
483 2029 625 2110 γενέσθαι.
665 2026 820 2103 Ἀλυάττης
837 2028 875 2098 δὲ,
890 2027 971 2091 οϊςθῙ

125 2118 155 2174 οϊ
167 2121 255 2176 ταῦτα
267 2117 431 2200 ἐξαγγέλθη,
444 2114 543 2176 αύτίκα
556 2117 661 2191 ἔπεμπε
674 2115 778 2192 κήρυκα
791 2120 819 2178 ἐς
831 2115 925 2192 Μίλη-

125 2226 184 2273 τον,
200 2204 375 2282 βουλόμενος
392 2202 517 2266 σπονδάς
534 2201 711 2277 ποιήσασθαι
728 2202 926 2281 Θρασυβούλῳ

126 2314 157 2349 τε
168 2292 214 2351 καὶ
226 2292 399 2368 Μιλησίοισι
407 2290 510 2371 χρόνον
522 2289 592 2349 ὅσον
601 2286 636 2350 ἂν
644 2287 695 2349 τόν
703 2289 770 2366 νηόν
780 2289 924 2368 οἰκοδομῇ·

126 2376 203 2455 όμέν
210 2378 245 2456 δή
252 2378 414 2443 άπόστολος
422 2378 508 2455 ἐςτήν
515 2378 646 2453 Μίλητον
653 2374 705 2452 ἤϊε·
719 2377 925 2455 Θρασύβουλος

73 2523 79 2536 ,
125 2465 157 2523 δέ
170 2468 284 2542 σαφέως
295 2467 527 2544 προπεπυσμένος
538 2464 631 2526 πάντα
643 2463 732 2545 λόγον
745 2466 791 2526 καὶ
802 2464 877 2527 εϊδοϊς
888 2465 926 2525 τὰ

124 2551 281 2630 Ἀλυάττης
296 2555 399 2630 μέλλοι
413 2550 550 2627 ποιήσειν,
563 2556 722 2631 μηχανᾶται
734 2551 835 2612 τοιάδε·
856 2551 925 2616 ὅσος

124 2641 161 2716 ἦν
175 2646 204 2701 ἐν
215 2646 254 2720 τῷ
265 2636 347 2701 ἄστεϊ
359 2644 438 2703 σϊτος
451 2640 497 2698 καὶ
511 2642 611 2698 ἑωυτοῦ
622 2640 668 2699 καὶ
682 2639 812 2703 ἰδιωτικός
824 2644 925 2700 τοῦτον

125 2725 218 2787 πάντα
227 2728 403 2809 συγκομίσας
412 2724 924 2807 ἐςτῆνάγορήν,προεῖπεΜιλησίοισι,

125 2815 210 2876 ἐπεάν
223 2814 307 2879 αύτός
316 2814 437 2894 σημήνῃ,
447 2813 512 2874 τότε
523 2814 613 2874 πίνειν
621 2838 653 2873 τε
665 2812 771 2877 πάντας
784 2815 829 2873 καὶ
843 2812 924 2893 κώριρ

124 2903 260 2983 χρέεσθαι
273 2908 300 2967 ἐς
312 2902 465 2979 ἀλλήλους.
504 2904 599 2960 Ταῦτα
612 2901 642 2960 δὲ
654 2901 745 2961 ἐποίεέ
755 2926 786 2961 τε
799 2902 845 2960 καὶ
856 2927 924 2978 προ·
933 2902 972 2960 22

125 2989 242 3072 αγόρευε
261 2989 467 3067 Θρασύβουλος
485 2988 570 3048 τῶνδε
591 2987 698 3057 εἵνεκεν,
715 2987 784 3051 ὅκως
800 2985 835 3047 ἂν
854 2987 923 3064 δήό

126 3076 214 3153 κήρυξ
226 3076 241 3137 ό
259 3076 410 3154 Σαρδιηνὸς
424 3073 486 3135 ἷδών
497 3098 529 3133 τε
545 3073 638 3149 σωρόν
650 3075 740 3153 μέγαν
752 3074 833 3133 σίτου
846 3100 925 3153 κεχυ-

125 3167 209 3243 μένον
232 3166 278 3224 καϊ
300 3165 365 3227 τούς
391 3161 553 3240 ἀνθρώπους
578 3166 608 3219 ἐν
634 3159 798 3237 εὐπαθείῃσι
822 3160 925 3231 ἐόντας,

124 3251 246 3333 άγγείλῃ
264 3251 415 3329 Ἀλυάττῃ·
438 3248 475 3309 τά
494 3246 528 3323 δή
550 3247 596 3305 καὶ
617 3246 733 3326 ἐγένετο·
760 3245 795 3309 ώς
814 3246 870 3327 γάρ
890 3247 925 3324 δή

208 3339 222 3383 2
