2150 3500
166 118 216 165 2⁴28
475 119 660 168 ἨΡΟΔΟΤΟΤ
904 115 966 180 [ffl-

116 198 155 256 56
166 195 284 257 πάππον
295 196 417 276 δημοσίῃ
430 196 486 257 ὖπδ
500 198 622 273 Σαμίων.
656 194 873 273 Λακεδαιμόνιοι
907 198 917 219 “
937 195 970 261 ὥς

165 288 222 356 σφι
241 281 448 357 τεσσεράκοντα
464 283 632 364 ἐγεγόνεσαν
647 283 748 360 ἡμέραι
768 284 969 361 πολιορκέουσι

166 368 262 446 Σάμον
275 375 303 432 ἐς
313 368 347 428 τό
361 370 459 447 πρόσω
471 396 503 429 τε
516 370 595 430 οάδέν
610 370 801 448 προεκόπτετο
812 374 870 430 τῶν
881 396 969 451 πρηγ-

166 457 267 534 μάτων,
290 455 515 519 άπαλλάσσοντο
536 463 565 521 ἐς
585 458 818 535 Πελοπόννησον·
848 457 884 521 ὦς
904 458 969 519 δέό

165 546 347 624 ματαιότερος
373 545 460 628 λόγος
487 545 621 623 ὥρμηται,
642 546 756 626 λέγεται
782 545 969 622 Πολυκράτεα

168 635 316 712 ἐπιχώριον
325 634 451 711 νόμισμα
465 633 591 712 κόψαντα
597 634 710 694 πολλόν
719 632 879 710 μολύβδου,
888 660 969 692 κατο-

167 722 354 800 χρυσάσαντα
374 721 471 781 δοῦναί
489 728 555 798 σφι·
582 721 647 785 τούς
667 722 697 782 δέ
715 721 883 798 δεξαμένους
901 719 970 781 οὕτω

169 809 203 883 δὴ
221 808 474 870 ἀπαλλάσσεσθαι.
515 808 618 885 ταύτην
638 809 751 886 πράτην
770 810 930 886 στρατηίην
945 814 972 873 ἐς

169 897 220 971 τήν
233 895 335 971 Ἀσίην
349 896 564 974 Λακεδαιμόνιοι
578 898 696 973 Δωριέες
710 895 892 972 ἐποιήσαντο.

121 985 159 1044 57
211 987 247 1043 Οἱ
267 984 290 1043 δ’
311 984 358 1045 ἐπὶ
377 983 428 1045 τόν
447 985 635 1063 Πολυκράτεα
655 984 900 1061 στρατευσάμενοι
920 987 973 1049 Σα-

168 1072 246 1149 μίων,
261 1072 320 1132 ἐπεὶ
333 1076 361 1132 οἱ
373 1073 587 1149 Λακεδαιμόνιοι
596 1072 701 1136 ἀι’τοδς
713 1070 880 1133 άπολείπειν
892 1074 974 1149 ἔμελ-

169 1163 229 1231 λον,
246 1161 293 1219 καὶ
312 1160 391 1221 αὐτοὶ
411 1160 555 1221 άπέπλεον
568 1153 596 1225 ἐς
613 1161 729 1236 Σίφνον·
750 1160 906 1240 χρημάτων
919 1160 974 1242 γάρ

170 1246 329 1318 ἐδέοντο,τά
342 1248 372 1307 δέ
384 1252 439 1310 τῶν
452 1249 574 1325 Σιφνίων
587 1248 740 1329 πρήγματα
751 1248 861 1324 ἤκμαζε
873 1253 976 1309 τοῦτον

169 1334 220 1397 τόν
235 1336 345 1415 χρόνον·
366 1337 412 1396 καὶ
430 1337 586 1413 νησιωτέων
601 1336 729 1413 μάλιστα
745 1335 900 1396 ἐπλούτεον
913 1335 991 1419 (ἅτε,

173 1423 272 1485 ἐόντων
292 1424 402 1485 αὐτοῖσι
422 1428 451 1484 ἐν
467 1428 504 1503 τῇ
524 1424 603 1504 νήσῳ
617 1425 745 1502 χρυσέων
764 1424 811 1482 καὶ
830 1422 976 1504 άργυρέων

170 1512 329 1591 μετάλλων)
350 1512 420 1573 οὕτω
438 1511 511 1572 ὥστε
527 1510 583 1571 άπδ
600 1515 652 1587 τῆς
668 1509 783 1586 δεκάτης
794 1514 851 1571 τῶν
862 1513 975 1592 γινομέ-

171 1624 224 1657 νων
243 1598 360 1660 αάτόθεν
378 1600 528 1680 χρημάτων
545 1598 687 1676 θησαυρός
703 1602 733 1658 ἐν
748 1602 896 1673 Δελφοῖσι
910 1598 974 1660 άνα·

174 1686 272 1755 κέεται,
293 1685 378 1763 όμοΐα
399 1690 477 1748 τοῖσι
503 1685 753 1749 πλουσιωτάτοισι·
781 1685 862 1746 αὐτοὶ
886 1686 919 1746 δέ
939 1686 975 1748 τά

170 1773 302 1856 γινόμενα
322 1779 361 1854 τῷ
383 1779 496 1855 ἐνιαυτῷ
519 1775 627 1856 ἔκάστιρ
647 1775 779 1859 χρήματα
803 1774 974 1852 διενέμοντο.

170 1860 218 1923 ὅτε
231 1861 268 1923 ὦν
282 1868 422 1924 ἐποιεῦντο
435 1864 485 1924 τόν
496 1864 648 1941 θησαυρόν,
657 1865 791 1942 ἐχρέωντο
799 1868 838 1942 τῷ
846 1888 974 1942 χρηστη-

170 1951 228 2030 ρίῳ,
239 1954 263 2011 εί
274 1951 386 2013 αὐτοῖσι
397 1950 434 2012 τά
446 1951 586 2029 παρεόντα
598 1951 691 2032 άγαθά
705 1950 750 2010 οἷά
762 1976 793 2010 τε
807 1951 871 2011 ἐστὶ
880 1952 975 2012 πολδν

118 2111 124 2128 Ι
171 2039 466 2119 χρόνον·παραμένειν;
487 2038 507 2115 η’
520 2039 552 2098 δὲ
564 2040 658 2116 Πυθίη
672 2039 777 2118 ἔχρησέ
789 2043 846 2115 σφι
859 2038 938 2099 τάδε·

216 2153 284 2202 Ἀλλ’
297 2155 356 2203 ὅταν
368 2156 393 2203 ἐν
404 2155 486 2216 Σίφνῳ
501 2151 636 2216 πρυτανὴϊα
651 2151 726 2201 λευκά
740 2154 842 2214 γένηται

220 2227 351 2286 λεύκοφρύς
363 2225 386 2272 τ’
398 2227 482 2286 ἀγορὴ,
495 2225 553 2272 τότε
563 2226 593 2283 δὴ
605 2226 642 2272 δεῖ
650 2223 783 2285 φράδμονος
794 2225 883 2286 ἀνδρὸς,

221 2299 379 2359 φράσσασθαι
389 2298 480 2357 ξύλινόν
490 2313 519 2344 τε
529 2293 606 2357 λάχον
616 2297 707 2375 κήρυκά
717 2294 742 2343 τ’
753 2296 855 2357 ἐρυθρόν.

172 2403 249 2460 τοῖσι
270 2402 300 2460 δέ
320 2401 465 2477 Σιφνίοισι
479 2400 515 2477 ἦν
529 2384 594 2461 τάδε
610 2399 630 2477 ἦ
645 2398 734 2480 άγορῆ
751 2399 797 2457 καὶ
816 2397 849 2458 τό
869 2424 974 2476 πρυταε

125 2489 164 2547 58
174 2487 250 2562 νήϊον
265 2489 363 2567 Παρίῳ
379 2489 450 2567 λίθῳ
466 2487 623 2565 ἠσκημένα.
657 2491 763 2547 Τοῦτον
779 2485 828 2546 τόν
840 2486 975 2565 χρησμόν

174 2574 224 2634 οὐκ
242 2574 297 2634 οἶοί
314 2600 345 2635 τε
364 2575 440 2651 ἦσαν
459 2580 571 2657 γνῶναι,
592 2576 655 2636 οὔτε
675 2574 740 2634 τότε
760 2574 818 2638 ίθδς
837 2573 903 2634 οὔτε
919 2579 976 2635 τῶν

175 2663 285 2739 Σαμίων
300 2661 467 2745 ἀπιγμένων·
490 2665 599 2725 ἐπείτε
617 2663 673 2744 γάρ
691 2660 814 2741 τάχιστα
831 2661 904 2738 πρός
922 2661 976 2738 τήν

175 2752 280 2827 Σίφνον
293 2753 454 2831 προσίσχον
468 2755 495 2812 οἶ
508 2751 619 2828 Σάμιοι,
628 2752 751 2827 ἔπεμπον
762 2753 819 2810 τῶν
832 2748 976 2826 νεῶνμίαν

110 2881 115 2890 ·
173 2841 317 2915 πρέσβεας
340 2839 466 2920 ἄγουσαν
489 2845 516 2903 ἐς
536 2839 589 2915 τήν
609 2839 702 2899 πόλιν.
743 2836 777 2898 τό
799 2838 831 2897 δὲ
851 2835 976 2896 παλαιόν

174 2923 284 2984 ἅπασαι
300 2930 329 2984 αἱ
344 2931 407 3001 νῆες
421 2927 495 3001 ἦσαν
515 2927 709 3001 μιλτηλιφέες·
731 2924 777 2983 καὶ
790 2923 826 2999 ἦν
838 2929 925 2983 τοῦτο
941 2924 976 2983 τό

173 3008 192 3083 ἦ
213 3013 305 3086 Πυθίη
326 3013 496 3091 προηγόρευε
515 3015 593 3092 τοῖσι
614 3008 767 3087 Σιφνίοισι,
789 3011 977 3087 φυλάξασθαι

173 3095 223 3154 τόν
246 3097 357 3164 ξάλινον
381 3096 468 3174 λόχον
485 3096 638 3155 κελεύουσα
655 3097 702 3154 καὶ
722 3097 828 3172 κήρυκα
847 3096 976 3173 ἐρυθρόν·

173 3179 335 3256 α’πικόμενοι
351 3181 388 3240 ὧν
405 3186 432 3240 οἱ
448 3182 566 3263 ἄγγελοι
579 3181 688 3243 ἐδέοντο
700 3185 756 3241 τῶν
770 3184 895 3258 Σιφνίων
908 3183 977 3241 δέκα

178 3264 298 3324 τάλαντά
310 3273 366 3338 σφι
378 3272 495 3343 χρῆσαι·
517 3265 550 3323 οὐ
564 3266 730 3339 φασκόντων
742 3267 774 3326 δέ
785 3267 907 3347 χρήσειν
918 3272 977 3327 τῶν
