2150 3500
156 115 216 169 ιιι,
462 111 646 161 ἮΡοΔοτου
704 151 706 160 ,
901 111 969 177 [ιν.

156 190 271 271 οἰχάκεε
279 196 307 254 ἐς
317 192 469 272 Αἴγυπτον·
484 189 628 272 ἦσανγάρ
641 193 668 251 οἰ
681 195 712 251 ἐκ
724 195 776 251 τοῦ
788 191 972 270 Ἀρκεσίλεω

155 279 311 360 εὐεργεσίαι
331 285 358 342 ἐς
379 279 543 355 Καμβύσεα
565 279 615 340 τόν
635 279 732 356 Κύρου
759 282 969 356 πεποιημέναι·

155 366 249 447 (οὗτος
264 368 319 447 γάρ
335 366 400 442 ἧνά
418 366 603 444 Ἀρκεσίλεως
617 367 647 430 ὅς
661 367 796 444 Κυρήνην
811 368 967 448 Καμβύσῃ

155 455 237 514 ἔδωκε
250 456 295 514 καί
309 454 399 531 φόρον
409 454 549 535 ἐτάξατο)
563 455 718 531 ἀπικομένη
733 455 763 514 δὲ
778 461 806 518 ἐς
817 457 968 536 Αἴγυπτον

154 542 174 618 ἦ
186 545 324 620 Φερετίμη
336 542 492 619 Ἀρυάνδεω
505 543 588 606 ἱκέτις
602 543 686 613 ἕζετο,
697 547 862 620 τιμωρῆσαι
877 547 968 623 {mm-{j

154 631 321 690 κελεύουσα·
342 631 538 709 προῖαχομένη
555 630 711 708 πρόφασιν,
727 629 763 694 ὦς
779 629 826 689 διά
845 631 897 691 τόν
911 657 966 708 μη-

107 720 165 778 166
173 718 276 795 δισμῦν
289 718 306 779 ὁ
317 722 385 781 παῖς
395 721 423 778 οἰ
435 718 560 794 τέθνηκε.
588 717 623 776 ‘0
635 715 826 795 δέἈρυάνδης
835 717 872 794 ἦν
882 717 967 782 οὗτος

151 810 203 881 τῆς
211 806 357 888 Αἰγύπτου
366 806 493 885 ὕπαρχος
505 805 560 866 ύπό
572 806 739 882 Καμβύσεω
749 801 919 869 κατεστειύς·
932 806 965 870 ῦς

152 893 261 975 ῦστέριρ
276 894 369 975 χρόνῳ
380 895 700 972 τούτων.παρισεύμενος
719 895 830 974 Δαρείῳ
845 893 963 970 διεφθά·

152 1007 200 1057 ρη.
229 982 386 1059 πυθόμενος
407 982 462 1063 γάρ
485 982 532 1041 καὶ
552 983 616 1044 ἰδών
635 987 755 1059 Δαρεῖον
773 983 963 1058 ἐπιθυμέοντα

152 1069 333 1145 μνημόσυνον
349 1073 451 1129 ἑωυτοῦ
467 1070 604 1130 λιπέσθαι
621 1065 705 1130 τοῦτο
717 1069 751 1130 τό
764 1069 805 1146 μή
819 1067 904 1149 άλλιρ
918 1072 963 1146 εἵη

152 1156 272 1230 βασύιέί
301 1156 536 1239 κατεργασμένον,
564 1157 693 1235 ἐμιμέετο
719 1160 833 1217 τοῦτον·
869 1162 898 1220 ἐς
926 1156 962 1216 οὗ

154 1244 243 1319 ἔλαβε
255 1242 306 1304 τάν
318 1243 434 1321 μισθόν.
474 1248 593 1321 Δαρεῖος
605 1243 726 1324 μὲνγὰρ
739 1245 860 1324 χρυσίον
874 1246 961 1305 καθα-

151 1329 277 1406 ράτατον
303 1330 453 1410 ἀπεψήσας
484 1336 513 1395 ἐς
537 1332 573 1392 τό
599 1332 797 1400 δυνατώτατον,
831 1333 962 1409 νόμισμα

154 1418 289 1497 ἐκόψατο·
317 1419 469 1496 Ἀρυάνδης
490 1420 521 1478 δέ
545 1419 638 1498 ἅρχων
657 1419 802 1500 Αἰγύπτου
825 1418 961 1500 άργύριον

151 1505 242 1566 ταίυτό
257 1510 342 1566 τοῦτο
360 1507 465 1566 ἐποίεε·
485 1508 532 1565 καὶ
546 1511 595 1567 νῦν
610 1508 673 1566 ἐστὶ
686 1505 818 1586 ἀργύριον
832 1507 960 1585 καθαριό-
1064 1577 1065 1586 ³

151 1617 237 1653 τατον
248 1593 283 1654 τό
294 1592 485 1668 Ἀρυανδικόν.
518 1595 615 1671 μαθών
630 1595 659 1653 δέ
673 1593 792 1670 Δαρεῖός
804 1619 855 1670 μιν
866 1600 958 1654 ταῦτα

150 1683 289 1750 ποιεῦντα,
303 1682 394 1757 αἰτίην
414 1684 441 1740 οἰ
460 1679 554 1758 ἄλλην
575 1682 721 1752 ἐπενείκας,
741 1680 776 1744 ὥς
795 1685 824 1740 οἱ
842 1682 958 1742 ἐπανίσ·

106 1766 163 1827 167
172 1792 260 1837 ταιτο,
279 1765 432 1829 ἀπέκτεινε.
462 1769 533 1830 Τότε
546 1770 577 1829 δὲ
590 1768 670 1832 οῦτος
688 1768 705 1829 ό
722 1768 876 1846 Ἀρυάνδης
892 1795 957 1829 κατ-

151 1856 287 1932 οικτείρας
315 1856 478 1933 Φερετίμην,
508 1858 580 1917 διδοῖ
607 1856 678 1935 αὐτῇ
698 1855 823 1933 στρατόν
849 1857 900 1917 τάν
927 1858 960 1927 ἐξ

151 1942 295 2023 Αἰγύπτου
316 1942 435 2015 ἅπαντα,
454 1946 501 2004 καί
519 1945 568 2004 τόν
584 1945 668 2015 πεζόν
684 1944 732 2003 καί
746 1942 797 2003 τόν
814 1944 956 2005 ναυτικόν·

151 2031 312 2113 στρατηγδν
326 2032 356 2091 δέ
368 2036 418 2091 τοῦ
431 2035 484 2109 μὲν
498 2034 584 2103 πεζοῦ
597 2032 727 2109 ’Ἀμασιν
739 2030 856 2101 ἀπέδεξε
868 2030 957 2108 ἄνδρα

151 2120 315 2196 Μαράφιον,
328 2124 379 2179 τοῦ
399 2121 429 2179 δὲ
448 2124 579 2179 ναυτικοῦ
595 2119 717 2196 Βάδρην,
737 2118 818 2179 ἐόντα
836 2124 954 2197 Πασαρ-

149 2206 238 2285 γάδην
249 2208 340 2286 γένος.
381 2208 447 2284 πρὶν
460 2208 489 2266 δὲ
501 2205 520 2283 ἢ
533 2206 704 2267 ἀποστεῖλαι
715 2207 768 2282 τὴν
778 2205 924 2282 στρατιὴν,
939 2207 978 2267 ὅ·

149 2292 302 2370 Ἀρυάνδης
310 2296 424 2373 πέμψας
437 2300 464 2357 ἐς
476 2294 529 2371 τὴν
539 2295 652 2371 Βάρκην
662 2294 776 2372 κήρυκα,
787 2294 956 2354 ἐπυνθάνετο

149 2382 192 2443 τίς
212 2384 255 2457 εἴη
275 2382 291 2441 ό
310 2382 498 2458 Ἀρκεσίλεων
517 2382 694 2450 άπακτείνας;
719 2384 747 2441 οἰ
769 2381 799 2440 δὲ
818 2385 955 2458 Βαρκαῖοι

150 2468 230 2527 αὐτοὶ
249 2470 418 2527 ῦποδεκέατο
438 2469 549 2532 πάντες·
577 2469 674 2529 πολλά
693 2494 725 2530 τε
744 2470 800 2550 γάρ
819 2469 865 2527 καὶ
884 2470 955 2529 κακιί

149 2553 271 2633 πάσχειν
280 2554 326 2612 ὑπ’
335 2554 430 2613 αὐτοῦ·
450 2556 607 2633 πυθόμενος
621 2556 751 2617 δὲταῦτα
764 2556 780 2617 ά
792 2554 953 2632 Ἀρυάνδης,

101 2658 104 2664 “
149 2641 220 2702 οῦτω
232 2641 267 2717 δη
280 2641 334 2717 τὴν
350 2641 489 2719 στρατιήν
504 2643 657 2704 ἀπέστειλε
675 2643 735 2722 ἅμα
752 2648 788 2723 τῇ
806 2646 954 2723 Φερετίμη.

151 2729 221 2807 αῦτη
240 2731 292 2807 μέν
311 2755 360 2790 νυν
380 2732 455 2806 αἰτίη
474 2732 631 2810 πρόσχημα
649 2737 700 2792 τοῦ
721 2732 810 2813 λόγου
834 2733 952 2811 ἐγίνετο·

149 2817 330 2894 ἀπεπέμπετο
356 2818 387 2877 δὲ
413 2817 432 2893 ἦ
459 2819 588 2896 στρατιή,
615 2819 651 2883 ιῦς
678 2821 741 2897 ἐμοὶ
768 2820 882 2889 δοκέειν,
908 2820 955 2879 ἐπὶ

149 2904 265 2979 Λιβύων
279 2911 476 2984 καταστροφῇ·
496 2905 612 2981 Λιβύων
631 2906 687 2987 γάρ
708 2907 840 2983 δηέθνεα
855 2906 954 2966 πολλά

149 2990 195 3046 καὶ
205 2990 325 3049 παντοῖά
337 2996 409 3050 ἐστι·
431 2993 476 3050 καὶ
489 2993 525 3050 τά
536 2995 589 3069 μὲν
608 2993 698 3054 αὐτῶν
711 2994 796 3075 ὀλίγα
814 2994 954 3069 βασιλέος

146 3071 182 3145 ἦν
193 3075 311 3148 ύπήκοα,
325 3076 361 3136 τά
375 3077 405 3135 δέ
417 3080 494 3137 πλέω
505 3078 650 3154 ἐφρόντιζε
660 3082 781 3158 Δαρείου
795 3080 883 3139 οὐδέν.

102 3156 159 3211 168
202 3162 335 3220 Οἰκέουσι
357 3163 388 3221 δέ
410 3164 481 3223 κατά
504 3164 572 3224 τάδε
594 3168 710 3242 Λίβυες·
739 3164 788 3226 α’π’
808 3166 952 3247 Αἰγύπτου

147 3237 306 3314 ἀρξάμενοι,
316 3251 421 3320 πρῶτοι
428 3249 630 3328 Ἀδυρμαχιδαι
637 3253 754 3329 Λιβύων
763 3255 949 3330 κατοίκηνται·
