2150 3500
117 127 225 186 ³740]
452 130 615 179 ΕΤΤΕΡΠΗ.
867 131 915 182 127

115 207 284 287 τεταγμένος
300 212 356 269 τῶν
375 233 419 273 τις
440 209 527 286 ἱρέων,
545 209 592 269 καὶ
613 207 699 286 ἀρθοῦ
715 213 849 272 ἑστεῶτος
865 213 916 269 τοῦ

116 293 230 369 κτήνεος
247 296 295 354 καὶ
312 295 420 366 ύπτίου,
437 297 484 356 καὶ
501 296 554 372 τήν
570 299 711 379 γλῶσσαν
729 295 878 373 ἐξειρύσας,
892 299 917 356 εἶ

116 381 225 460 καθαρῆ
238 386 294 443 τῶν
312 384 499 460 προκειμένων
516 384 652 460 σημηίων,
666 383 702 443 τά
721 383 775 463 ε’γολ
791 388 820 443 ἐν
836 381 916 462 ἀλλιρ

114 469 194 550 λόγῳ
209 472 284 547 ἐρέω·
306 475 411 551 κατορᾷ
427 472 457 531 δὲ
475 472 523 531 καὶ
538 470 589 536 τάς
605 472 704 550 τρίχας
720 475 771 547 τῆς
786 470 877 548 οὐρῆς,
892 474 917 530 εἶ

116 557 188 617 κατὰ
201 557 290 634 φύσιν
306 560 364 637 ἔχει
378 560 542 634 πεφυκυίας·
563 557 598 636 ῆν
614 559 643 618 δὲ
658 557 762 619 τούτων
774 557 884 618 πάντων
897 556 916 638 ᾖ

114 644 246 721 καθαράς,
256 647 424 724 σημαίνεται
435 646 542 726 βύβλκρ
551 648 616 725 περὶ
629 647 665 706 ταὶ
678 647 758 723 κέρεα
772 647 915 706 εἱλίσσων·

114 732 163 791 καὶ
187 734 282 793 ἔπειτα
301 737 357 814 γῆν
376 736 553 811 σημαντρίδα
574 734 742 806 ἐπιπλάσας,
763 733 916 810 ἐπιβάλλει

113 819 166 879 τάν
182 818 340 881 δακτύλιον·
361 822 408 880 καὶ
428 820 498 883 οὕτω
516 821 670 904 ἀπάγουσι.
704 820 867 899 ἀσήμαντον
887 822 917 882 δὲ

114 907 234 969 θύσαντι
260 908 378 973 θάνατος
398 909 418 986 ῆ
441 911 526 988 ζημίη
554 912 699 971 ἐπικέεται.
740 909 916 987 δοκιμάζεται

113 997 167 1072 μέν
181 1023 229 1057 νυν
241 996 274 1057 τά
291 1001 390 1073 κτῆνος
401 997 496 1077 τρόπῳ
508 999 613 1078 τοιῷδε.
648 999 740 1075 Θυσίη
754 998 784 1058 δέ
799 1004 855 1075 σφι
867 997 916 1073 ἥδε

114 1084 279 1160 κατέστηκε·
296 1083 448 1166 ἀγαγόντες
460 1085 494 1146 τδ
507 1087 728 1165 σεσημασμένον
738 1091 837 1162 κτῆνος
846 1085 916 1163 πρὸς
925 1088 962 1149 39

112 1169 165 1230 τάν
177 1170 286 1248 βωμὸν,
299 1172 366 1232 ὅκου
379 1171 413 1233 ἂν
426 1173 522 1244 θύωσι,
536 1174 628 1252 παρῆν
640 1175 761 1234 καίουσι·
777 1176 872 1234 ἔπειτα
886 1175 915 1233 δὲ

114 1258 159 1317 ἐπ’
172 1259 257 1319 αὐτοῦ
275 1261 350 1321 οἶνον
366 1262 437 1322 κατά
455 1266 505 1322 τοῦ
521 1263 611 1339 ἶρηίου
630 1263 851 1332 ἐπισπείσαντες,
870 1262 916 1322 καὶ

115 1349 333 1414 ἐπικαλέσαντες
350 1349 401 1410 τὸν
422 1349 494 1420 θεὸν,
516 1350 671 1426 σφάζουσι·
698 1349 858 1426 σφάξαντες
878 1349 916 1421 δὲ,

113 1434 311 1513 ἀποτάμνουσι
323 1436 375 1514 τήν
385 1437 524 1516 κεφαλήν·
539 1443 622 1516 σῶμα
635 1439 687 1515 μὲν
697 1437 731 1514 δή
745 1441 795 1497 τοῦ
805 1435 917 1512 κτήνεος

113 1523 248 1600 δείρουσι·
276 1528 389 1604 κεφαλῇ
411 1526 442 1585 δὲ
465 1527 540 1605 κείνη
563 1527 660 1586 πολλά
683 1523 915 1604 καταρησάμενοι,

114 1612 246 1688 φέρουσι·
265 1616 343 1672 τοῖσι
354 1615 407 1690 μὲν
424 1611 458 1673 ἂν
473 1613 493 1692 γ’]
506 1612 596 1694 ἀγορῆ
610 1615 656 1674 καὶ
668 1613 808 1691 Ἕλληνές
826 1619 915 1690 σφισι

114 1700 183 1759 ἔωσι
192 1700 332 1778 ἐπιδήμιοι
345 1703 470 1780 ἔμποροι,
482 1705 508 1763 οἱ
522 1703 552 1763 δὲ
562 1703 695 1781 φέροντες
708 1708 735 1767 ἐς
746 1701 798 1779 τῆν
809 1700 916 1784 ἀγορήν

113 1786 163 1847 ἀπ’
176 1786 214 1847 ὧν
227 1789 330 1850 ἔδοντο·
349 1794 427 1851 τοῖσι
443 1790 472 1850 δέ
488 1789 523 1852 ἂν
534 1792 575 1869 μῆ
589 1792 714 1869 παρέωσι
726 1790 874 1867 Ἕλληνες,
889 1794 916 1851 οἱ

113 1875 139 1935 δ’
153 1876 331 1954 ἐκβάλλουσι
344 1882 372 1943 ἐς
386 1878 436 1939 τάν
448 1880 586 1958 ποταμόν·
608 1882 787 1958 καταρέονται
805 1880 834 1938 δὲ
849 1879 916 1940 τάδε

113 1964 246 2045 λέγοντες
267 1970 337 2045 τῆσι
360 1971 513 2046 κεφαλῇσι·
542 1970 594 2028 “εἰ’
612 1994 640 2029 τι
663 1970 767 2045 μέλλοι
787 1966 806 2043 ῆ
828 1970 916 2044 σφίσι

113 2057 193 2113 τοῖσι
210 2053 310 2115 θύουσι
325 2053 345 2131 ῆ
361 2056 493 2136 Αἰγύπτῳ
508 2060 545 2136 τῆ
564 2056 714 2134 συναπάσῃ
736 2054 822 2115 κακάν
840 2058 915 2136 γενέ·

114 2142 194 2211 σθαι,
208 2146 237 2206 ἐς
250 2141 379 2219 κεφαλήν
391 2143 494 2220 ταύτην
507 2142 690 2221 τραπέσθαι.”
721 2143 792 2203 κατὰ
804 2145 856 2219 μέν
869 2170 916 2205 νυν

113 2229 165 2292 τάς
186 2230 313 2306 κεφαλάς
336 2233 391 2291 τῶν
411 2232 551 2308 θυομένων
575 2232 694 2307 κτηνέων
713 2232 759 2291 καὶ
785 2230 837 2307 τήν
858 2234 915 2291 ἐπί·

115 2342 233 2378 σπεισιν
249 2322 300 2378 τοῦ
317 2320 400 2391 οἴνου,
420 2319 520 2383 πάντες
539 2318 687 2399 Αἰγύπτιοι
705 2318 818 2397 νόμοισι
838 2323 915 2379 τοῖσι

114 2404 229 2465 αὐτοῖσι
240 2407 376 2485 χρέωνται
391 2407 492 2484 ὁμοίως
509 2412 536 2471 ἐς
555 2406 647 2467 πάντα
662 2405 698 2466 τά
717 2405 771 2485 ἱρά·
793 2407 839 2466 καὶ
859 2405 915 2467 α’πδ

112 2491 215 2553 τούτου
230 2498 281 2554 τοῦ
297 2494 392 2572 νόμου,
410 2495 473 2555 οὐδὲ
491 2495 583 2555 ἄλλου
602 2493 711 2558 ούδενὸς
730 2492 857 2575 ἐμψύχου
873 2521 915 2555 κε·
1004 2559 1007 2567 Ι

114 2585 212 2658 φαλῆς
219 2581 350 2662 γεύσεται
359 2584 517 2664 Αἰγυπτίων
525 2583 622 2647 οὐδείς.
649 2582 687 2643 Ἡ
698 2583 963 2661 δέδῆέξαίρεσις40

74 2724 80 2733 .
112 2674 169 2731 τῶν
188 2674 254 2747 ἱρῶν
272 2671 319 2730 καὶ
339 2670 358 2746 ἦ
379 2676 477 2735 καῦσις
499 2669 577 2747 άλλη
598 2671 662 2750 περὶ
684 2670 758 2731 ἀλλο
780 2665 839 2749 ἱράν
859 2678 915 2749 σφι

113 2759 278 2834 κατέστηκε.
312 2757 365 2834 τήν
380 2758 404 2817 δ’
418 2758 455 2819 ὧν
467 2761 606 2841 μεγίστην
618 2785 649 2819 τε
665 2760 783 2836 δαίμονα
798 2759 915 2841 ἥγηνται

113 2846 193 2917 εἶναι,
207 2847 254 2905 καὶ
266 2846 404 2926 μεγίστην
417 2849 444 2906 οἱ
459 2845 545 2924 ὁρτήν
563 2846 706 2928 ἀνάγουσι,
720 2846 823 2922 ταύτην
837 2848 913 2925 ἐρχο·

112 2960 166 3012 μαι
175 2935 268 3012 ἐρέων·
285 2933 369 2994 ἐπεάν
379 2933 548 3011 ἀποδείρωσι
557 2934 609 2994 τὸν
620 2935 700 3010 βοῦν,
710 2934 913 3011 κατευξάμενοι,

114 3024 224 3098 κοιλίην
236 3025 288 3098 μὲν
302 3021 393 3099 κεινῆν
405 3025 503 3082 πᾶσαν
518 3022 550 3092 ἐξ
567 3021 604 3082 ὧν
619 3020 703 3090 εἶλον,
717 3020 871 3101 σπλάγχνα
884 3022 914 3080 δὲ

114 3110 200 3171 αὐτοῦ
214 3110 345 3170 λείπουσι
358 3114 387 3171 ἐν
399 3114 438 3191 τῷ
451 3109 562 3187 σώματι
575 3109 621 3168 καὶ
633 3106 685 3182 τῆν
697 3106 829 3183 πιμελήν·
851 3109 914 3166 σκέ-

114 3202 169 3260 λεα
181 3198 212 3257 δὲ
227 3196 430 3275 ἀποτάμνουσι,
445 3200 492 3258 καὶ
507 3197 559 3273 τήν
573 3195 667 3272 ἀσφῦν
681 3194 775 3271 ἄκρην,
790 3194 836 3253 καὶ
851 3194 915 3257 τούς

115 3284 208 3363 ὤμους
219 3310 251 3344 τε
264 3285 311 3344 καὶ
323 3284 372 3345 τάν
381 3286 534 3364 τράχηλον·
549 3289 638 3345 ταῦτα
651 3282 681 3342 δὲ
695 3280 914 3356 ποιήσαντες,τὸ
