2150 3500
313 486 345 536 ‘⁴
406 471 641 597 androni

471 711 572 742 -4-
604 712 609 721 .

88 849 211 904 Pacori·
238 846 341 901 iterum
371 841 532 898 Herodotus
556 843 632 912 quod
655 844 693 898 ad
715 846 824 899 tex-tum
850 845 950 901 attinet

90 939 230 993 editionis
246 935 394 1007 superioris
410 935 508 989 faciem
523 934 604 1003 plane
619 936 750 990 referens.
785 936 950 994 Paucissima

91 1031 181 1097 enim,
198 1046 230 1084 re
246 1028 316 1083 bene
334 1043 476 1098 perpensa,
490 1027 532 1081 his
550 1027 676 1105 secundis
693 1027 766 1080 curis
782 1028 951 1086 immutanda

95 1124 239 1192 duximus,
259 1121 311 1176 nisi
333 1121 408 1191 quod
430 1120 570 1189 aliquanto
591 1121 679 1175 rarius
702 1122 951 1191 interpungendum

94 1215 263 1272 censuimus,
293 1214 399 1268 Verum
415 1213 562 1282 enimvero,
575 1213 797 1282 quandoquidem
812 1215 879 1269 haec
894 1218 952 1272 edi-

95 1311 139 1364 tio
150 1326 206 1365 non
220 1307 302 1363 modo
314 1307 440 1362 manibus
455 1307 595 1361 studiosae
606 1307 763 1374 juventutis
774 1310 890 1363 terenda
901 1315 952 1378 est,

98 1403 152 1458 sed
174 1405 260 1457 etiam
280 1401 374 1456 usibus
393 1401 534 1455 hominum
554 1400 741 1454 litteratorum
760 1418 876 1470 peregre
893 1420 953 1472 pro

98 1494 282 1550 ficisoentium
294 1494 426 1548 inservire
436 1494 502 1560 vult,
511 1510 598 1563 pauca
608 1493 750 1561 quaedam,
761 1511 830 1561 quae
841 1495 869 1547 in
881 1495 954 1560 notis

98 1590 215 1643 editioni
227 1589 326 1658 majori
338 1588 469 1657 subjectis
478 1588 565 1641 fusius
574 1604 688 1642 excussa
700 1589 771 1655 sunt,
780 1587 953 1644 hiobreviter
1043 1658 1045 1661 v

99 1682 238 1736 monenda
248 1682 393 1749 videntum
410 1699 445 1736 ne
457 1681 483 1749 ii,
495 1681 595 1751 quibus
606 1681 722 1735 facultas
733 1682 817 1736 detur
828 1682 953 1750 regiones

100 1794 118 1831 a
132 1778 217 1832 Patre
230 1776 372 1831 Historiae
386 1768 537 1845 descriptas
548 1776 691 1843 lustrandi,
705 1776 785 1830 simul
796 1780 880 1846 atque
891 1793 953 1845 per:

102 1876 227 1941 spectum
254 1871 400 1925 habuerint
425 1872 563 1924 illustrem
587 1870 748 1939 scriptorem
771 1872 807 1925 ad
829 1888 953 1925 normam

101 1964 249 2018 hodiernae
268 1962 384 2018 Critices
404 1963 525 2017 revocari
542 1979 597 2016 non
617 1979 704 2031 posse,
725 1964 863 2031 extemplo
881 1980 952 2030 eum,

102 2061 233 2133 tanquam
242 2074 374 2127 nugacem
386 2056 549 2131 fabellarum
556 2056 768 2125 conquisitorem
777 2044 953 2110 contemnant

106 2150 295 2220 abjiciuntque.
326 2149 407 2215 Quod
419 2150 441 2204 si
454 2150 515 2219 quis
526 2138 666 2215 feceritis
677 2149 753 2203 nullo
764 2148 876 2217 quidem
886 2150 952 2217 jure

104 2243 204 2297 feeerit.
241 2242 313 2297 Nam
327 2259 360 2297 eo
373 2242 442 2297 vixit
457 2243 584 2310 tempore
597 2240 764 2306 Herodotus,
775 2240 804 2293 in
815 2256 870 2309 quo
883 2257 953 2294 com-

107 2336 204 2391 mercia
230 2337 342 2391 humani
371 2334 481 2405 generis
507 2350 590 2401 aegre
619 2332 779 2401 agebantur.
821 2332 953 2387 Periculis

108 2427 266 2482 omnimodis
283 2431 350 2484 tunc
368 2426 501 2495 temporis
521 2424 666 2479 scatebant
685 2426 760 2492 viae5
783 2441 833 2480 nec
854 2426 953 2494 singuli

109 2520 331 2589 peregrinatores,
347 2519 418 2573 sicut
433 2519 523 2588 hodie,
539 2517 590 2572 sed
605 2518 774 2587 catervatim,
786 2518 870 2572 certis
885 2522 953 2573 tem-

110 2616 217 2685 poribus
238 2616 275 2669 ad
295 2617 372 2669 certa
391 2614 451 2667 loca
468 2613 613 2667 convenire
634 2614 759 2667 solebant
779 2614 953 2677 mercatores,

111 2724 174 2775 quos
199 2724 261 2777 spes
290 2706 359 2761 lucri
386 2704 423 2760 ad
451 2706 614 2775 longinquas
640 2706 765 2774 regiones
790 2703 954 2757 adduxerat.
988 2764 996 2773 Α

112 2800 267 2873 Quinetiam,
277 2816 348 2869 quae
359 2816 405 2853 res
416 2799 528 2863 maximi
541 2803 585 2853 est
597 2796 737 2864 momenti,
746 2797 801 2852 vim
812 2795 954 2851 hominum

111 2893 267 2948 inclitorum
281 2896 361 2950 etad
375 2895 439 2949 lites
458 2894 645 2964 praedamque
663 2891 869 2963 propensiorum
884 2887 954 2941 nihil

112 2990 168 3041 erat
179 2987 251 3057 quod
262 2988 410 3057 cohiberet,
422 2988 475 3041 nisi
486 2986 587 3056 religio
601 2985 719 3041 numinis
731 2984 807 3053 quod
821 2983 909 3036 locum
923 2979 953 3033 in

114 3096 188 3148 quem
196 3083 357 3136 conventum
366 3083 427 3135 erat
435 3079 576 3135 custodire
584 3078 741 3147 putabatur.
769 3074 953 3128 Hinciaetum

113 3176 192 3227 estut
202 3173 359 3243 ubicunque
370 3173 495 3242 gentium
509 3188 611 3239 magna
622 3173 807 3224 mercatorum
819 3168 954 3221 existeret

64 3264 74 3273 '
114 3265 268 3335 frequentia,
285 3266 324 3321 ibi
344 3267 525 3321 clarescerent
543 3264 657 3317 deorum
674 3261 785 3330 templa,
802 3260 954 3327 eademque
