2150 3500
133 108 242 174 27-30]
486 114 601 167 κιοιο.
903 121 935 170 ιο

126 187 228 261 Ἴωνες,
238 191 363 269 Δωριέες,
372 193 494 263 Αἰολέες,
504 193 672 272 Πάμφυλοι·
687 198 981 275 κατεστραμμένων29

131 275 292 350 δέτοίτων,
311 279 358 338 καὶ
377 284 639 359 προσεπικτωμένου
659 285 786 361 Κροίσου
806 286 933 357 Λυδοῖσι,

131 363 306 427 ἀπικνέονται
322 372 349 430 ἐς
366 367 467 444 Σάρδις
483 368 662 446 ἀκμαζούσας
677 371 789 452 πλούτῳ
802 371 887 431 ἄλλοι
902 400 934 434 τε

130 455 159 512 οἱ
176 453 276 517 πάντες
295 459 325 514 ἐκ
341 457 392 531 τῆς
407 455 546 519 Ἑλλάδος
563 459 711 534 σοφισταὶ,
725 459 752 518 οἳ
768 465 867 520 τοῦτον
883 461 933 522 τόν

127 539 389 623 χρόνονέτήγχονον
398 541 494 614 ἐόντες,
504 543 541 606 οἷς
550 544 666 610 ἕκαστος
674 545 762 606 αὐτῶν
767 546 931 618 ἀπικνέοιτο,

130 629 177 688 καὶ
200 628 234 705 δή
256 630 302 688 καὶ
324 627 421 694 Σόλων
441 629 511 708 ἀνὴρ
531 629 685 708 Ἀθηναῖος,
706 633 738 698 ὃς
757 633 933 711 Ἀθηναίοισι

126 715 231 793 νόμους
241 715 394 777 κελεύσασι
402 716 532 793 ποιήσας,
542 718 705 797 ἀπεδήμησε
714 722 776 781 ἐτεα
785 723 852 781 δέκα
861 723 932 783 κατά

130 805 244 882 θεωρίης
254 803 403 882 Ιπρόφασιν
416 805 572 876 ἐκπλήσας,
587 807 631 867 ἵνα
644 807 678 884 δή
694 807 736 886 μή
747 835 810 870 τινα
821 813 876 870 τῶν
888 810 932 871 νό·

128 917 189 964 μων
201 891 366 974 ἀναγκασθῇ
379 897 467 953 λῦσαι
479 898 535 954 τῶν
549 896 636 954 ἔθετο·
657 895 736 956 αὐτοὶ
747 895 803 977 γάρ
815 897 865 957 οὐκ
878 899 934 956 οἷοί

128 1005 161 1040 τε
172 979 248 1056 ἦσαν
260 978 328 1040 αότδ
341 984 460 1056 ποιήσαι
472 979 625 1058 Ἀθηναῖοι·
646 982 766 1061 ὁρκίοισι
777 983 833 1065 γάρ
844 984 930 1065 μεγά-

128 1071 209 1128 λαισι
223 1069 391 1147 κατείχοντο,
405 1068 479 1128 δέκα
488 1069 549 1128 ἔτεα
565 1068 726 1149 χρήσεσθαι
738 1069 851 1148 νόμοισι
865 1071 930 1136 τούς

128 1153 164 1216 ἀν
179 1161 236 1232 σφι
254 1154 458 1232 Σόλων’θῆται.
479 1155 577 1217 Αὐτῶν
592 1157 626 1233 δή
643 1157 681 1219 ὧν
697 1157 801 1219 τούτων
816 1160 863 1218 καὶ
879 1164 929 1234 τῆς
938 1162 976 1218 30

129 1243 243 1320 θεωρίης
266 1242 424 1318 ἐκδημήσας
445 1241 462 1304 ὅ
486 1241 584 1308 Σόλων
606 1244 716 1315 εἵνεκεν,
739 1251 766 1308 ἐς
789 1247 930 1327 Αἴγυπτον

128 1328 243 1391 ἀπίκετο
262 1330 339 1407 πυροὶ
352 1329 487 1408 Ἄμασιν,
505 1331 551 1390 καὶ
569 1331 603 1407 δὴ
620 1333 666 1391 καὶ
687 1337 714 1396 ἐς
734 1331 834 1411 Σάρδις
852 1332 929 1411 παρά

128 1421 265 1495 Κροῖσον·
285 1417 451 1495 ἀπικόμενος
463 1418 493 1478 δὲ
509 1418 652 1490 ἐξεινίζετο
665 1425 694 1480 ἐν
705 1421 782 1479 τοῖσι
793 1421 929 1496 βασιληί-

128 1505 251 1566 οισιῦπό
260 1510 310 1566 τοῦ
318 1507 453 1583 Κροίσου·
467 1505 538 1583 μετὰ
547 1506 682 1586 δέ,η“μέρη
689 1505 927 1586 τρίτηῆτετάρτη,

127 1592 312 1658 κελεύσαντος
327 1594 454 1670 Κροίσου
469 1592 519 1654 τόν
535 1593 652 1659 Σόλωνα
670 1592 834 1671 θεράποντες
852 1620 928 1671 περι·

126 1685 199 1763 ἦγον
217 1679 287 1742 κατοὶ
301 1679 366 1744 τούς
383 1680 547 1758 θησαυροῦς,
565 1681 611 1741 καὶ
627 1682 821 1742 ἐπεδείκνυσαν
837 1680 930 1742 πάντα

127 1768 209 1831 ἐόντα
226 1768 338 1851 μεγάλα
354 1794 385 1830 τε
405 1770 452 1829 καὶ
471 1768 570 1847 ὄλβια·
591 1770 763 1848 θεησάμενον
780 1769 812 1828 δέ
827 1795 876 1847 μιν
891 1769 929 1830 τοὶ

126 1854 219 1917 πάντα
231 1858 277 1916 καὶ
287 1854 471 1935 σκεψάμενον,
483 1856 518 1920 ὥς
531 1860 559 1917 οἱ
571 1857 642 1917 κατὰ
654 1857 749 1935 καιρόν
756 1856 775 1913 τ’
776 1882 801 1926 ν,
812 1858 900 1933 εἴρετο
910 1856 928 1916 ὁ

127 1948 257 2022 Κροῖσος·
268 1943 342 2004 τάδε·
363 1944 454 2013 “ξεῖνε
465 1942 604 2021 Ἀθηναῖε,
617 1944 682 2023 παρ’
693 1945 782 2021 ἡμέας
796 1944 851 2024 γάρ
863 1944 928 2021 περὶ

126 2033 179 2092 σέο
196 2030 283 2112 λόγος
301 2030 416 2091 ἀπῖκται
434 2030 552 2102 πολλός,
568 2033 615 2091 καὶ
634 2034 740 2109 σοφίης
760 2033 861 2091 εἵνεκεν
876 2036 929 2107 τῆς

126 2123 182 2195 σῆς
195 2120 242 2179 καὶ
254 2117 369 2194 πλάνης,
381 2117 417 2182 ὦς
430 2119 613 2195 φιλοσοφέων
624 2124 680 2201 γῆν
691 2118 804 2194 πολλὴν
813 2120 927 2196 θεωρίης

127 2208 229 2267 εἵνεκεν
251 2205 434 2282 ἐπελήλυθας·
457 2209 507 2266 νῦν
528 2206 566 2266 ὧν
588 2206 682 2284 ἵμερος
700 2206 862 2282 ἐπείρεσθαί
877 2232 928 2283 μοι

127 2296 241 2371 ἐπῆλθε,
252 2294 279 2353 εἴ
289 2318 351 2354 τινα
361 2292 416 2369 ἤδη
425 2291 534 2353 πάντων
548 2292 616 2357 εἶδες
628 2292 803 2370 ὀλβιώτατον
808 2292 831 2363 ;”
847 2292 865 2352 ό
876 2296 929 2370 μὲν

127 2382 245 2453 ἐλπίζων
255 2380 326 2450 εἶναιΙ
337 2379 486 2458 ἀνθρώπων
496 2379 677 2457 ὀλβιώτατος,
687 2384 776 2447 ταῦτα
785 2380 928 2459 ἐπειρώτα·

127 2470 225 2536 Σόλων
237 2470 267 2529 δὲ
279 2468 357 2529 αι’δέν
368 2466 569 2532 ὑποθωπεύσας
584 2467 662 2529 ἀλλά
678 2472 717 2547 τῷ
733 2468 805 2529 ἐόντι
816 2468 927 2547 χρησά-

126 2582 209 2634 μενος
227 2557 316 2638 λέγει·
337 2554 380 2615 “υἰ
394 2557 528 2631 βασιλεῦ,
542 2555 652 2617 Τέλλον
667 2555 840 2633 Ἀθηναῖον·”
860 2555 929 2617 ἀπο-
974 2561 975 2564 ’

126 2642 276 2721 θαυμάσας
285 2644 315 2708 δὲ
328 2645 454 2721 Κροῖσος
464 2641 498 2703 τό
510 2644 613 2722 λεχθὲν
631 2643 718 2722 εἴρετο
731 2645 929 2722 ἐπιστρεφέως

127 2732 209 2811 ’(κοίῃ
220 2730 254 2808 δή
264 2731 363 2809 κρίνεις
372 2730 482 2791 Τέλλον
493 2729 562 2790 εἶναι
571 2729 747 2807 ὀλβιώτατον
751 2730 778 2802 ;”
792 2731 808 2793 ό
819 2732 849 2792 δέ
859 2731 929 2791 εἶπε·

127 2820 257 2898 ((Τέλλῳ,
275 2821 359 2879 τοῦτο
376 2820 436 2896 μέν,
452 2821 503 2893 τῆς
520 2816 620 2882 πόλιος
637 2817 667 2878 εὖ
683 2817 816 2896 ἡκούσης,
833 2819 929 2883 παῖδες

126 2905 201 2983 ἦσαν
221 2907 307 2966 καλοί
322 2931 354 2966 τε
374 2903 500 2987 κάγαθοὶ,
520 2906 569 2964 καί
585 2911 643 2982 σφι
663 2905 717 2965 εἶδε
736 2904 828 2967 άπασι
846 2907 929 2967 τέκνα

128 2992 292 3075 ἐκγενόμενα
311 2992 357 3053 καὶ
373 2991 465 3053 πάντα
484 2986 701 3070 παραμὲίναντα·
721 2998 810 3083 τοῦτο
824 2993 861 3061 δὲ,
879 2999 929 3054 τοῦ

126 3082 194 3157 βίου
213 3080 242 3140 εὖ
259 3080 356 3157 ἥκοντι
374 3079 410 3144 οἷς
426 3080 463 3140 τοὶ
480 3079 545 3157 παρ’
561 3078 636 3157 ἡμῖν,
654 3079 770 3153 τελευτή
792 3082 842 3138 τοῦ
863 3081 932 3156 βίου

127 3166 311 3247 λαμπροτάτη
331 3168 484 3248 ἐπεγένετο·
508 3167 659 3247 γενομένης
677 3163 733 3245 γάρ
756 3165 931 3248 Ἀθηναίοισι

128 3255 220 3336 μάχης
227 3254 297 3333 πρός
306 3254 370 3319 τούς
377 3253 575 3335 ἀστυγείτονας
584 3257 613 3313 ἐν
621 3250 771 3323 Ἐλευσῖνι,
782 3251 932 3329 βοηθήσας

950 3436 966 3479 Δ
