2150 3500
108 121 255 188 τοο-ιιι]
458 124 571 174 mmo.
882 127 914 174 ω

106 202 227 279 περιθεῖ,
244 200 276 261 ού
293 205 393 282 πολλῷ
409 202 462 282 τέῳ
475 201 679 279 ἀσθενέστερον
691 205 741 263 τοῦ
755 203 849 280 ἐτέρου
861 204 915 264 τεί-

109 315 176 369 χεος
198 288 373 366 στεινότερον
398 290 438 350 δέ.
479 296 508 350 ἐν
531 291 561 350 δὲ
588 291 694 368 φάρσεϊ
721 291 839 370 ἐκατέρῳ
863 295 915 367 τῆς

109 378 212 441 πόλιος
222 379 379 457 τετείχιστο
393 383 422 438 ἐν
438 379 527 458 μέσῳ·
549 385 578 440 ἐν
593 384 632 458 τῷ
649 379 699 455 ἦεν
714 378 750 439 τοὶ
762 377 913 455 βασιλήϊα,

110 465 258 546 περιβόλῳ
274 465 390 547 μεγάλῳ
407 493 438 527 τε
454 468 500 526 καὶ
524 471 640 546 ἶσχυριῦ
661 473 691 527 ἐν
713 467 743 526 δὲ
763 471 802 546 τῷ
824 467 914 546 ἑτέρῳ,

111 547 291 628 ΔιάςΒήλου
304 554 364 631 ἱρόν
375 554 567 633 χαλκόπυλον,
587 555 633 614 καὶ
654 560 682 618 ἐς
701 556 751 630 ἐμὲ
770 559 854 615 τοῦτο
874 556 914 616 ἔτι

110 641 166 711 ἐόν,
186 640 235 702 δύο
251 641 372 703 σταδίων
390 641 491 719 πάντη,
513 642 559 702 ἐόν
577 642 759 724 τετράγωνον.
794 649 824 703 ἐν
835 644 915 723 μέσῳ

110 729 143 789 δὲ
163 733 221 789 τοῦ·
236 733 296 808 ἱροῦ
316 730 423 813 πύργος
446 729 560 808 στερεός
581 731 770 808 οἰκοδόμηται,
798 732 918 792 σταδίου

110 817 159 876 καὶ
170 817 204 879 τό
216 823 305 895 μῆκος
323 819 370 878 καὶ
384 819 418 878 τῦ
432 817 520 896 εῦρος·
542 818 587 877 καὶ
604 819 651 878 ἐπὶ
666 819 754 898 τούτῳ
765 823 803 898 τῷ
815 819 913 901 πύργῳ

109 904 201 970 ἄλλος
212 905 318 988 πύργος
331 907 488 984 ἐπιβέβηκε
501 907 548 965 καὶ
564 907 656 986 ἔτερος
667 906 748 983 μάλα
761 908 807 966 ἐπὶ
817 907 912 988 τούτῳ,

108 993 209 1072 μέχρις
221 991 254 1054 οὗ
267 993 339 1054 ἀκτιῦ
351 994 473 1077 πύργων·
493 993 635 1072 ἀνάβασις
652 994 682 1053 δὲ
698 999 725 1057 ἐς
739 993 839 1058 αύτούς
851 995 914 1065 ἐξω-

109 1081 160 1140 θεν
172 1081 263 1162 κύκλῳ
275 1084 340 1161 περὶ
357 1082 463 1146 πάντας
479 1082 545 1146 τοῦς
560 1082 683 1164 πύργους
699 1084 804 1162 ἔχουσα
817 1084 914 1143 πεποί-

108 1194 185 1244 ηται·
203 1175 338 1247 μεσοῦντι
349 1171 382 1230 δέ
393 1197 444 1231 κου
455 1176 506 1246 τῆς
518 1169 678 1247 ἀναβάσιός
692 1175 754 1230 ἐστι
767 1170 914 1253 καταγωγή

108 1281 141 1316 τε
159 1257 206 1317 καὶ
224 1259 308 1318 θῶκοι
325 1257 543 1337 ἀμπαυστήριοι,
558 1263 587 1318 ἐν
604 1262 680 1318 τοῖσι
694 1259 848 1329 κατίζοντες
860 1257 913 1334 ἀμ·
935 1287 938 1292 ·

108 1343 246 1406 παύονται
257 1350 285 1406 οἶ
297 1347 506 1425 ἀναβαινοντες·
523 1351 553 1406 ἐν
567 1346 596 1406 δὲ
609 1350 647 1426 τῷ
658 1346 807 1424 τελευταίῳ
816 1344 913 1426 πύργῳ

108 1432 176 1508 νηός
188 1435 285 1495 ἔπεστι
296 1436 393 1514 μέγας·
415 1441 444 1495 ἐν
460 1436 490 1494 δὲ
507 1439 546 1514 τῷ
565 1439 621 1513 νηῷ
638 1434 720 1510 κλίνη
738 1432 850 1513 μεγάλη
870 1434 913 1492 κε’·
935 1429 937 1436 ’

108 1546 170 1580 εται
190 1521 220 1580 εῦ
240 1523 408 1600 ἐστρωμένη,
423 1524 471 1582 καί
487 1525 514 1583 οἱ
529 1522 653 1599 τράπεζα
665 1521 833 1599 παρακέεται
844 1545 911 1600 χρυ-

108 1609 174 1684 σέη·
194 1607 309 1690 ἄγαλμα
330 1611 360 1671 δὲ
379 1610 429 1671 οῦκ
453 1612 492 1671 ’ένι
511 1609 591 1670 ούδέν
611 1608 709 1670 αύτόθι
729 1609 911 1686 ἐνιδρυμένον·

107 1696 174 1757 ούδὲ
186 1698 272 1758 νύκτα
283 1698 371 1762 οὐδεὶς
381 1699 552 1771 ἐναυλίζεται
564 1696 722 1775 ἀνθρώπων,
731 1695 774 1757 ὅτι
785 1697 826 1775 μή
840 1695 911 1778 γυνη

106 1785 199 1863 μούνη
218 1791 274 1846 τῦν
293 1787 444 1867 ἐπιχωρίων
460 1787 513 1863 την
531 1786 565 1847 ἂν
585 1786 602 1847 ό
618 1786 680 1849 θεός
697 1787 794 1861 ἐληται
810 1791 839 1844 ἐκ
859 1812 911 1843 πα·

107 1874 190 1945 σέων,
200 1874 237 1938 οἷς
245 1875 362 1955 λέγουσι
373 1879 400 1935 οἱ
410 1876 558 1945 Χαλδαῖοι,
568 1874 659 1937 ἐόντες
672 1874 741 1951 ἱρέες
750 1873 850 1933 τούτου
860 1877 910 1933 τοῦ

107 1962 185 2023 θεοῦ.
225 1964 302 2024 Φασὶ
319 1964 349 2023 δὲ
369 1966 397 2023 οἱ
414 1963 493 2025 αὐτοὶ
506 1961 592 2032 οῦτοι,
611 1963 673 2040 ἐμοὶ
690 1964 742 2038 μὲν
756 1960 788 2021 ού
801 1959 891 2022 πιστοὶ
901 1963 958 2022 182

106 2051 247 2131 λέγοντες,
260 2049 310 2111 τόν
327 2050 392 2112 θεόν
411 2050 495 2111 αύτόν
513 2054 615 2127 φοιτᾶν
632 2074 663 2109 τε
680 2054 708 2112 ἐς
720 2048 770 2109 τόν
783 2049 850 2125 νηόν
864 2051 910 2109 καὶ

106 2136 290 2215 ἀμπαύεσθαι
302 2141 349 2199 ε’πὶ
360 2143 411 2214 τῆς
424 2139 527 2214 κλίνης,
537 2136 661 2213 κατάπερ
674 2142 704 2195 ἐν
713 2136 831 2213 Θήβῃσι
843 2142 911 2216 τῇσι

108 2228 281 2307 Αἰγυπτίῃσι
301 2226 372 2286 κατοὶ
389 2225 441 2287 τόν
460 2224 545 2285 αὐτόν
563 2224 675 2302 τρόπον,
698 2222 733 2286 αἷς
748 2225 867 2304 λέγουσι
883 2228 910 2284 οἱ

108 2314 268 2395 Αἰγύπτιοι·
292 2314 339 2374 καὶ
359 2313 416 2397 γάρ
437 2311 472 2388 δὴ
494 2313 579 2372 ἐκεῖθι
603 2316 734 2389 κοιμᾶται
754 2315 783 2370 ἐν
802 2315 841 2389 τῷ
859 2316 910 2371 τοῦ

109 2402 178 2466 Διός
197 2407 248 2463 τοῦ
268 2404 410 2480 Θηβαιέος
430 2401 510 2484 γυνή·
537 2399 696 2479 ἀμφότεραι
716 2399 745 2459 δὲ
766 2396 847 2458 οῦτοι
864 2400 910 2459 λέ·

106 2516 206 2573 γονται
218 2490 324 2570 ἀνδρῶν
336 2491 463 2568 οὐδαμῶν
476 2495 504 2555 ἐς
515 2489 629 2568 ὁμιλίην
640 2492 751 2566 φοιτᾶν·
768 2488 814 2547 καὶ
827 2489 908 2547 κατά·

107 2605 162 2657 περ
175 2585 205 2640 ἐν
218 2579 379 2658 Πατάροισι
396 2582 446 2655 τῆς
458 2580 562 2655 Λυκίης
574 2577 592 2655 ἡ
607 2575 759 2655 πρόμαντις
771 2580 821 2637 τοῦ
836 2578 909 2647 θεοῦ,

108 2668 193 2730 ἐπεάν
218 2669 342 2751 γένηται·
373 2666 406 2728 ού
428 2668 485 2749 γάρ
511 2667 549 2726 αἰν
576 2668 632 2726 αἰεί
655 2672 716 2727 ἐστι
737 2664 910 2745 χρηστήριον

107 2756 216 2818 αύτόθι·
237 2755 322 2817 ε’πεοὶν
337 2756 368 2815 δὲ
384 2755 506 2837 γένηται,
519 2753 584 2815 τότε
602 2752 639 2813 ὧν
657 2754 909 2835 συγκατακληίεται

106 2844 158 2909 τάς
175 2844 275 2907 νύκτας
287 2845 342 2904 ἔσω
355 2848 385 2903 ἐν
396 2846 435 2922 τῷ
450 2867 515 2920 ιηῳ.
547 2841 634 2901 Ἐστι
647 2840 677 2899 δὲ
689 2844 739 2900 τοῦ
753 2846 782 2898 ἐν
794 2840 889 2915 Βαβυ-
900 2840 957 2899 183

108 2936 177 2993 λιῦνι
190 2936 251 3011 ἶροῦ
268 2933 314 2991 καὶ
331 2931 421 2995 ἀλλος
438 2929 511 2989 κάτω
526 2927 600 3005 νηός·
620 2928 687 2988 ἔνθα
705 2926 821 3007 ἄγαλμα
836 2927 911 3007 μέγα

111 3025 158 3081 τοῦ
172 3020 241 3084 Διός
253 3021 292 3080 ἔνι
305 3018 460 3096 κατήμενον
472 3017 602 3099 χρύσεον,
622 3015 671 3074 καί
687 3017 714 3074 οἱ
726 3013 849 3091 τράπεζα
861 3036 909 3089 με-

111 3110 184 3190 γάλη
206 3109 376 3186 παρακέεται
395 3109 512 3186 χρυσέη,
533 3104 579 3165 καὶ
596 3104 629 3164 τό
649 3100 761 3179 βάθρον
781 3102 807 3158 οἱ
828 3098 909 3158 καὶὸ

108 3196 207 3273 θρόνος
228 3195 349 3276 χρύσεός
370 3200 440 3267 ἐστι,
461 3194 516 3265 καὶ,
536 3191 573 3256 ὥς
593 3192 690 3272 ἔλεγον
710 3192 738 3249 οἱ
760 3187 908 3258 Χαλδαῖοι,

96 3312 99 3321 ·
110 3282 251 3344 ταλάντων
264 3281 436 3345 ὀκτακοσίων
449 3279 568 3358 χρυσίου
580 3274 730 3353 πεποίηται
741 3278 840 3336 ταῦτα·
860 3273 910 3343 ἔξω

186 3360 202 3406 8
