2150 3500
95 109 241 175 173-175]
415 112 576 161 καταντία,
614 107 616 111 ’
847 112 894 161 ωε

97 192 239 268 ἐπιτήδεα,
259 191 414 252 κλέπτεσκε
433 187 467 252 ἀν
485 190 606 269 περιϊῶν·
629 193 657 251 οἶ
676 188 700 251 δ’
719 189 755 252 ἀν
772 216 822 267 μιν
840 189 895 269 φά·

98 303 180 341 ωενοι
192 280 263 358 ἐχειν
275 278 311 338 τοὶ
324 280 450 357 σφέτερα
458 278 591 359 χρήματα
600 278 764 356 ἀρνεύμενον
773 277 895 360 ἄγεσκον

97 368 148 427 ἐπὶ
169 366 312 444 μαντήϊον,
333 366 400 426 ὅκου
423 367 557 427 ἐκάστοτε
581 367 632 442 εἴη.
671 367 769 426 πολλά
787 369 839 443 μὲν
861 365 896 443 δη

98 456 148 515 καὶ
160 455 293 515 ἀλίσκετο
305 454 360 515 ῶπά
376 460 430 515 τῶν
446 456 592 533 μαντηίων,
606 452 703 513 πολλά
720 454 750 513 δέ
769 454 815 513 καὶ
827 453 895 513 ἀπο-

99 543 250 625 φείνγεσκε·
271 544 333 603 ἐπεί
342 568 374 603 τε
389 542 418 602 δέ
434 545 480 602 καὶ
497 544 678 619 ἐβασίλευσε,
692 546 781 602 ἐποίεε
793 542 895 602 τοιάδε·

99 629 167 691 ὅσοι
185 632 237 707 μέν
252 630 336 692 αὐτόν
354 634 408 691 τῶν
426 631 495 691 θεῶν
508 629 655 690 ἀπέλυσαν
669 630 709 707 μὴ
723 634 805 707 φῶρα
819 630 895 701 εἶναι,

98 718 206 781 τούτων
225 720 277 795 μέν
295 722 350 778 τῶν
369 721 434 796 ἱρῶν
454 715 517 779 οὔτε
539 718 689 795 ἐπεμέλετο
709 716 772 777 οὔτε
791 723 819 781 ἐς
838 722 896 777 ἐπι-

100 806 206 882 σκευὴν
224 805 313 866 ἐδίδου
331 805 419 867 οὐδέν·
440 805 502 867 οὐδὲ
519 806 637 881 φοιτέων
655 806 724 876 ἔθυε,
739 804 775 868 ῶς
787 804 896 869 οὐδενός

101 898 182 954 ἐοῦσι
194 893 298 965 ἀξίοισι
311 892 413 972 ψεύδεά
426 919 458 954 τε
473 892 595 972 μαντήῖα
611 894 812 970 κεκτημένοισι·
832 892 897 953 ὅσοι

100 982 134 1041 δέ
145 1008 194 1059 μιν
206 981 361 1058 κατέδησαν
376 984 458 1059 φῶρα
473 981 551 1052 εἶναι,
563 980 667 1042 τούτων
682 981 713 1040 δέ
725 979 761 1044 ῶς
772 978 896 1056 ἀληθέως

101 1070 173 1131 θεῶν
193 1068 291 1130 ἐόντων
311 1068 358 1146 καὶ
376 1068 496 1149 ἀψευδέα
514 1067 636 1146 μαντήῐα
654 1069 848 1148 παρεχομένων
859 1068 897 1127 τά

100 1156 231 1234 μάλιστα
243 1157 402 1234 ἐπεμέλετο.

144 1245 203 1304 Καὶ
221 1249 304 1305 τοῦτο
323 1246 382 1320 μὲν,
397 1248 426 1304 ἐν
445 1241 500 1309 Σάἵ
518 1242 700 1323 τῇἈθηναίη
714 1243 942 1321 προπόλαια175

103 1331 251 1410 θωυμάσιά
263 1336 296 1413 οἶΙ
304 1332 458 1408 ἐξεποίησε,
471 1330 583 1392 πολλῶν
599 1330 705 1394 πάντας
717 1330 895 1407 ἀπερβαλλό·

102 1446 186 1499 μενος
200 1424 238 1498 τῷ
254 1446 286 1480 τε
300 1417 365 1497 ὕψεϊ
380 1419 426 1478 καὶ
445 1422 484 1497 τῷ
506 1418 630 1500 μεγόθεῖ,
648 1418 724 1479 ὅσων
740 1443 772 1478 τε
792 1417 825 1477 τὸ
848 1418 895 1495 μέ-

102 1509 191 1589 γαθος
203 1508 288 1568 λίθων
301 1506 363 1567 ἐστὶ
376 1507 422 1567 καὶ
436 1505 533 1589 ὁκοίων
549 1507 627 1567 τέων·
646 1506 780 1576 τοῦτοδὲ,
795 1509 896 1565 κολοσ-

103 1594 318 1676 σοῶςμεγάλους
326 1594 371 1654 καὶ
380 1592 589 1677 ἀνδρόσφιγγας
598 1593 896 1673 τεριμήκεαςάνέθηκε,

103 1684 200 1748 λίθους
209 1708 241 1743 τε
254 1682 359 1746 ἀλλους
368 1688 396 1748 ἐς
408 1682 556 1760 ἐπισκευὴν
565 1682 722 1761 ὑπερφυέας
730 1683 764 1743 τδ
776 1682 897 1764 μέγαθος

105 1770 229 1849 ἐκόμισε.
269 1769 391 1853 ἠγάγετο
408 1771 437 1831 δέ
451 1771 555 1832 τούτων
567 1770 632 1835 τοῦς
645 1773 697 1849 μὲν
712 1775 743 1830 ἐκ
759 1775 814 1832 τῶν
827 1770 897 1830 κατά

105 1861 224 1936 Μέμφιν
237 1859 355 1919 ἐουσέων
367 1860 557 1937 λιθοτομιέων,
570 1858 634 1923 τούς
649 1859 679 1919 δέ
693 1859 899 1939 ὑπερμεγάθεας

105 1947 138 2018 ἐξ
148 1947 348 2024 Ἐλεφαντίνης
361 1946 468 2018 πόλιος,
484 1946 576 2008 πλόον
589 1947 635 2006 καὶ
654 1947 757 2006 ἐείκοσι
774 1946 897 2024 ἡμερέων

105 2035 267 2114 ἀπεχούσης
286 2033 342 2094 ἀπό
369 2034 461 2100 Σάἶος.
500 2033 534 2094 τά
561 2033 592 2094 δέ
618 2032 668 2093 οὐκ
687 2032 789 2109 ἥκιστα
809 2033 899 2093 αάτῶν

104 2121 185 2183 ἀλλά
203 2122 330 2199 μόλιστα
350 2121 490 2198 θωυμόζω,
511 2121 573 2182 ἐστι
591 2120 664 2180 τόδε·
684 2118 900 2196 οἶκημαμουνό·

104 2211 188 2271 λιθον
208 2209 322 2287 ἐκόμισε
338 2209 369 2278 ἐξ
389 2207 590 2286 Ἐλεφαντίνης
612 2207 722 2271 πόλιος·
753 2207 798 2266 καὶ
817 2211 900 2267 τοῦτο

105 2296 234 2376 ἐκόμιζον
245 2299 297 2374 μέν
312 2295 353 2356 ἐπ’
367 2296 429 2357 ἔτεα
445 2297 516 2375 τρία,
536 2295 673 2376 δισχίλιοι
684 2295 716 2354 δέ
728 2297 755 2354 οἱ
767 2319 900 2372 προσετε-

104 2385 213 2465 τάχατο
239 2383 334 2463 ἄνδρες
358 2383 484 2466 ἀγωγέες,
508 2383 555 2448 καὶ
580 2382 658 2444 οὗτοι
683 2382 802 2446 ἅπαντες
826 2382 902 2459 ἦσαν

106 2475 284 2551 κυβερνῆται·
317 2476 368 2549 τῆς
387 2473 417 2532 δέ
436 2474 539 2554 στέγης
556 2470 658 2549 ταύτης
682 2470 716 2532 τό
742 2473 794 2548 μὲν
812 2475 902 2548 μῆκος

106 2561 206 2631 ἔξωθεν
218 2562 281 2622 ἐστι
293 2559 331 2624 εἷς
342 2585 374 2621 τε
387 2561 434 2619 καὶ
446 2560 535 2620 εἴκοσι
547 2558 658 2639 πήχεες,
672 2557 750 2638 εὖρος
761 2559 791 2619 δέ
801 2583 901 2620 τεσσε-

104 2649 280 2726 ρεσκαίδεκα,
302 2646 377 2734 ῶψος
403 2647 433 2706 δὲ
457 2645 540 2709 ἀκταί.
579 2651 668 2708 ταῦτα
689 2649 741 2724 μὲν
758 2647 795 2707 ταὶ
814 2648 903 2725 μέτρα

107 2735 208 2804 ἔξωθεν
232 2740 284 2811 τῆς
309 2735 412 2816 στέγης
441 2739 493 2810 τῆς
524 2735 693 2813 μουνολίθου
720 2735 791 2794 ἐστί·
831 2733 903 2811 ἀτάρ

108 2824 213 2884 ἔσωθεν
224 2822 258 2883 τό
277 2827 367 2899 μῆκος
385 2823 570 2883 ὀκτωκαίδεκα
586 2822 698 2900 πηχέων
718 2822 764 2881 καὶ
775 2821 902 2902 πυγόνος,

106 2909 141 2970 τά
151 2910 182 2970 δέ
191 2909 268 2987 εὖρος
281 2908 401 2970 δυόδεκα
413 2910 532 2988 πηχέων,
540 2909 573 2969 τῶ
586 2909 616 2972 δέ
624 2909 694 2986 ὕψος
702 2909 785 2968 πέντε
793 2908 905 2986 πηχέων

108 2996 181 3057 ἐστί.
208 2996 277 3074 αὕτη
295 3000 345 3057 τοῦ
367 3000 426 3074 ίροῶ
446 2997 536 3056 κέεται
555 2995 632 3073 παρά
649 2994 702 3070 την
721 2994 828 3054 ἔσοδον·
849 2996 905 3054 ἔσω

106 3083 164 3165 γάρ
176 3109 225 3160 μιν
238 3089 266 3147 ἐς
277 3083 310 3144 τό
324 3083 383 3161 ἱρόν
396 3089 471 3160 φασι
482 3081 560 3142 τῶνδ’
574 3084 663 3143 εἵνεκα
676 3081 726 3141 οάκ
744 3081 904 3141 ἐσελκύσαι·

107 3170 161 3231 τάν
192 3169 372 3250 ἀρχιτέκτονα
403 3169 495 3246 αὖτῆς,
529 3171 679 3247 ἑλκομένης
711 3173 762 3244 τῆς
794 3170 906 3250 στέγης,

109 3257 296 3327 ἀναστενάξαι
325 3255 371 3316 οἶοί
398 3283 430 3317 τε
459 3255 562 3335 χρόνου
591 3255 768 3337 ἐκγεγονότος
795 3257 907 3316 πολλοῦ
