2150 3500
159 104 192 157 τι
468 105 653 158 *mom
706 143 729 158 .
925 103 973 168 [1.

114 182 171 243 157
218 181 254 242 ‘0
270 185 324 260 μὲν
335 183 371 260 δῆ
385 189 475 246 ταῦτα
487 191 518 246 ἐκ
529 190 581 262 τῆς
592 185 658 246 όδοῦ
675 183 875 261 ἐντειλάμενος,
889 182 976 260 ἀπή-

157 273 245 330 λαυνε
258 275 288 334 ἐς
303 270 423 347 ἦθεατοῖ
434 273 580 352 Περσέων.
613 270 745 348 Πακτύης
758 272 788 331 δέ
802 270 974 348 πυθόμενος
1057 317 1058 348 3

160 355 251 438 οἷγχοῦ
269 358 340 418 εἶναι
354 360 478 437 στρατόν
490 359 533 420 ἐπ’
547 360 646 421 ἐωυτόν
659 359 744 430 ἰόντα,
757 359 852 422 δείσας
871 357 973 436 ᾤχετο
1057 378 1058 432 ζ

159 443 270 526 φεύγων
290 451 318 509 ἐς
338 446 450 525 Κύμην.
482 447 620 526 Μαζάρης
641 448 671 507 δέ
694 446 830 523 όΜῆδος
852 446 972 511 ἐλάσας

160 532 206 591 ἐπὶ
221 532 272 596 τὰς
289 532 391 612 Σάρδις
405 540 456 596 τοῦ
475 534 572 614 Κόρου
590 539 713 612 στρατοῦ
726 538 828 612 μοῖραν
840 533 971 611 όσηνδή·
1057 603 1058 614 η

161 645 225 681 κοτε
244 621 322 699 ἔχων,
341 621 377 685 οῖς
392 621 443 683 οὐκ
464 620 526 699 εὗρε
544 623 584 683 ἔτι
600 622 695 686 ἐόντας
710 620 776 686 τούς
792 621 868 698 ἀμφὶ
881 626 971 681 Han-
1057 643 1058 646 ’

158 706 228 784 τύην
243 713 272 768 ἐν
288 707 416 787 Σάρδισι,
431 715 530 788 πρῶτα
547 712 599 786 μέν
613 709 679 772 τούς
694 707 801 772 Λυδούς
815 706 971 790 ἠνάγκασε

159 793 210 857 τοῖς
227 794 323 873 Κύρου
340 796 456 861 ἐντολὰς
465 797 626 857 ἐπιτελέειν·
647 802 678 856 ἐκ
689 795 789 858 τούτου
802 795 832 856 δὲ
845 800 970 857 κελευσ·
1003 805 1006 812 ’

159 881 285 959 μοσύνης
303 885 391 944 Λυδοὶ
409 884 462 960 την
477 889 575 945 πᾶσαν
595 885 703 945 δίαιταν
723 887 775 960 τῆς
795 883 859 960 ζόης
880 885 969 960 μετέ·
1057 882 1058 896 ’

106 1023 115 1040 ,
157 971 264 1045 βαλον.
305 970 443 1049 Μαζάρης
468 972 498 1031 δέ
522 972 595 1050 μετὰ
618 977 703 1032 τοῦτο
725 973 830 1049 ἔπεμπε
856 975 885 1035 ἐς
909 972 969 1047 τὴν

160 1055 262 1134 Κύμην
277 1056 424 1139 οῖγγέλους,
438 1059 575 1121 ἐκδιδόναι
589 1059 710 1121 κελεύων
726 1057 869 1135 Πακτύην·
891 1061 919 1119 οῖ
933 1061 968 1120 δὲ
1057 1117 1058 1131 ,

160 1148 285 1222 Κυμαῖοι
306 1146 438 1226 ἔγνωσαν,
457 1149 629 1224 συμβουλῆς
645 1147 712 1224 πέρι
728 1151 756 1210 ἐς
774 1145 838 1207 θεὸν
853 1145 968 1226 όνῷσαι
1057 1145 1058 1190 Ῑ

160 1230 209 1292 τόν
227 1237 256 1294 ἐν
277 1235 465 1315 Βραγχίδῃσι·
485 1235 521 1312 ἦν
532 1234 589 1317 γὰρ
606 1233 703 1295 αύτόθι
717 1233 852 1312 μαντήϊον
865 1239 896 1294 ἐκ
908 1261 967 1294 πα-

159 1323 243 1380 λαιοῦ
264 1321 416 1399 ἱδρυμένον,
437 1327 476 1401 τῷ
492 1321 586 1386 Ἴωνές
604 1348 636 1382 τε
658 1320 759 1386 πάντες
778 1322 968 1387 καὶἈίολεές

161 1405 283 1469 ἐάθεσαν
294 1401 438 1487 χρίεσθαι·
459 1408 476 1469 ὁ
489 1409 519 1468 δέ
531 1413 622 1489 χοῖρος
635 1406 716 1472 οὗτος
730 1409 792 1470 ἐστὶ
803 1411 854 1484 τῆς
866 1413 966 1488 Μιλη-

115 1497 172 1554 158
180 1495 245 1571 σίης
267 1495 336 1572 ύπέρ
360 1497 513 1574 Πανόρμου
535 1498 657 1574 λιμένος.
687 1499 855 1576 Πέμψαντες
877 1497 916 1558 ὧν
936 1501 967 1560 οῖ

161 1585 285 1659 Κυμαῖοι
307 1587 334 1646 ἐς
356 1584 421 1647 τούς
447 1585 606 1666 Βραγχίδας
633 1585 813 1663 θεοπρόπους,
835 1583 966 1662 εἰρώτευν

160 1669 225 1748 περὶ
245 1669 379 1749 Πακτύην
397 1670 491 1732 ὁκοῖόν
510 1698 539 1732 τι
559 1672 699 1736 ποιέοντες
717 1674 808 1734 θεοῖσι
827 1673 965 1750 μέλλοιεν

160 1759 338 1836 χαριεῖσθαι;
365 1764 535 1838 ἐπειρωτῶσι
555 1760 587 1820 δέ
605 1767 662 1837 σφι
680 1766 770 1822 ταῦτα
789 1760 964 1839 χρηστήριον

162 1845 272 1925 ἐγένετο
292 1855 310 1881 “
319 1845 454 1907 ἐκδιδόναι
479 1848 614 1925 Πακτύην
637 1846 796 1928 Πέρσῃσι.”
824 1852 913 1909 ταῦτα
930 1849 963 1909 δὲ

160 1932 197 1996 οῖς
211 1931 409 2012 ἀπενειχθέντα
424 1934 550 2012 ἥκουσαν
564 1939 591 1995 οἱ
609 1940 741 2012 Κυμαῖοι,
755 1934 877 2013 όρμέατο
890 1937 961 1997 ἐκδι-

160 2018 247 2081 δόναι·
268 2020 444 2100 όρμεωμένου
464 2024 496 2083 δὲ
514 2021 601 2103 ταύτῃ
617 2026 667 2083 τοῦ
685 2022 817 2099 πλήθεος,
830 2021 961 2100 Ἀριστό-

160 2108 234 2173 δικος
251 2108 268 2170 ό
283 2108 478 2187 Ἡρακλείδεω,
497 2109 568 2188 ἀνὴρ
585 2104 641 2171 τιῖν
661 2108 756 2171 όστοῖν
775 2109 826 2170 ἐόν
838 2110 959 2188 δόκιμος,

159 2196 228 2276 ἐσχε
245 2195 287 2276 μή
305 2203 426 2274 ποιῆσαι
440 2202 530 2260 ταῦτα
550 2198 701 2276 Κυμαίους,
718 2196 858 2259 ἀπιστέων
869 2224 901 2259 τε
919 2204 958 2279 τῷ

158 2290 278 2364 χρησμῷ
298 2286 461 2347 καῖ’δοκέων
473 2286 539 2351 τούς
556 2285 728 2364 θεοπρόπους
740 2285 773 2347 ού
785 2286 878 2368 λέγειν
891 2285 958 2364 α’λη-

160 2372 235 2442 θέως,
248 2377 277 2436 ἐς
294 2372 311 2431 ὃ
328 2372 362 2433 τό
379 2373 506 2452 δεύτερον
517 2374 582 2453 περὶ
598 2374 733 2434 Πακτύεω
746 2373 957 2451 ἐπειρησόμενοι

157 2456 247 2536 ᾔεσαν
266 2458 352 2518 ἄλλοι
373 2459 535 2539 θεοπρόποι,
555 2465 611 2523 τιῖν
631 2462 678 2522 καὶ
699 2460 890 2540 Ἀριστόδικος
912 2462 956 2539 ἦν.

113 2545 170 2605 159
178 2544 368 2623 Ἀπικομένων
387 2548 418 2607 δὲ
437 2554 465 2613 ἐς
485 2548 652 2631 Βραγχίδας,
673 2549 906 2627 ἐχρηστηριάζετο
927 2555 957 2611 ἐκ

158 2631 268 2694 πάντων
285 2631 478 2711 Ἀριστόδικος
492 2638 658 2715 ἐπειρωτέων
671 2636 746 2697 τάδε·
767 2646 786 2673 “
794 2636 873 2707 ὦναξ,
886 2636 957 2714 ἦλθε

160 2719 225 2799 παρ’
234 2719 323 2799 ἡμέας
332 2722 423 2800 ἶκέτης
435 2724 567 2803 Πακτύης
580 2724 597 2785 ό
610 2724 708 2796 Λυδός,
717 2722 828 2805 φεύγων
841 2724 957 2787 θάνατον

157 2808 254 2885 βίαιον
262 2809 333 2888 πρός
346 2812 489 2890 Περσέων·
503 2816 531 2873 οἱ
544 2813 576 2873 δέ
586 2838 635 2891 μιν
645 2812 821 2884 ἐξαιτέονται,
831 2816 956 2890 προεῖναι

158 2899 301 2974 Κυμαίους
314 2899 481 2965 κελεύοντες·
500 2900 581 2977 ἡμεῖς
594 2900 624 2960 δὲ
634 2899 817 2976 δειμαίνοντες
825 2898 877 2976 τόν
885 2906 955 2979 Περ·

157 2985 230 3046 σέων
248 2985 371 3063 δύναμιν,
387 2987 438 3049 τόν
457 2988 548 3063 ἱκέτην
567 2992 595 3051 ἐς
613 2986 677 3047 τόδε
697 2985 730 3047 ού
747 2986 955 3065 τετολμήκαμεν

158 3072 301 3144 ἐκδιδόναι,
314 3076 380 3152 πρὶν
391 3073 425 3136 ἂν
437 3075 471 3136 τό
484 3074 541 3134 α’πό
555 3078 607 3134 σεῖ
620 3074 688 3151 ἡμῖν
698 3074 811 3155 δηλωθῇ
825 3074 955 3153 ἀτρεκέως

157 3157 275 3238 όκότερα
292 3160 454 3239 ποιέωμεν.”
496 3161 513 3221 ό
539 3162 591 3238 μὲν
611 3165 700 3221 ταῦτα
724 3161 867 3239 ἐπειρώτα·
895 3160 954 3223 ὅδ’

157 3242 235 3308 αιἰτις
252 3246 304 3307 τόν
320 3246 405 3309 αι’πόν
416 3253 475 3325 σφι
490 3245 742 3326 χρησμόνέφαινε,
757 3247 876 3310 κελεύων
888 3250 954 3312 ἐκδι·
