2150 3500
138 152 142 157 ,
161 96 259 160 ν-ιι]
520 93 634 144 mm.
949 98 965 146 ι

162 174 343 236 συνεκδύεται
359 175 406 234 καί
420 174 473 251 τήν
489 174 556 235 αἰδῶ
572 173 654 255 γυνή.
693 173 783 234 πόλοι
799 173 829 234 δὲ
843 175 879 235 τό
893 174 967 254 καλό

162 261 337 340 ἀνθρώποισι
348 260 498 340 ἐξεύρηται,
513 267 544 321 ἐκ
556 265 611 321 τῶν
623 261 773 338 μανθάνειν
783 262 833 321 δεῖ·
848 267 877 322 ε’ν
889 266 966 323 τοῖσι

163 348 195 409 ἐν
212 349 277 412 τόδε
293 351 363 420 ἐστὶ,
380 349 511 434 σκοπέειν
526 348 590 410 τινα
604 349 641 409 τοὶ
657 351 767 408 ἑωυτοῦ·
788 354 842 430 ε’γω
859 349 889 408 δὲ
905 350 964 432 πεί·

162 437 250 514 θομαι
263 437 369 514 ἐκείνην
383 437 452 497 εἶναι
464 436 577 496 πασέων
589 440 725 517 γυναικῶν
738 436 903 512 καλλίστην,
917 436 967 496 καί

111 597 118 606 Ι
161 548 216 583 σεο
229 524 327 600 δέομαι
343 524 384 600 μὴ
402 523 515 586 δέεσθαι
530 521 666 600 α’νόμων.”
705 522 741 581 ‘O
759 525 811 600 μὲν
824 522 859 599 δή
872 524 962 605 λέγων
976 526 994 584 9

159 616 278 672 τοιαῦτα
301 610 470 693 ιίπεμόχετο,
491 611 633 689 ἀρρωδέων
654 610 695 688 μή
715 635 744 671 τι
764 614 790 670 αἰ
810 612 842 680 ἐξ
861 609 964 672 αότέων

159 700 276 780 γένηται
289 700 383 760 κακόν·
399 699 456 760 όδὲ
469 700 604 777 ἀμείβετο
612 697 717 760 τοῖσδε·
735 708 752 734 “
761 697 861 775 θάρσει
873 697 960 781 Γύγη·

160 789 208 846 καί
226 787 267 864 μή
284 788 378 864 φοβεῦ
397 786 470 865 μήτε
488 790 545 864 ἐμὲ,
561 785 597 851 ὥς
616 810 669 846 σεο
688 785 859 862 τειρόμενον
873 784 962 866 λόγον

159 873 249 944 τόνδε,
266 875 339 952 μήτε
355 879 474 955 γυναῖκα
492 874 545 951 τήν
564 873 642 952 ἐμήν,
658 873 699 950 μί
716 898 745 932 τι
763 898 808 933 τοι
827 872 964 952 ἐξάύτῆς

159 962 275 1041 γένηται
286 961 412 1039 βλάβος·
429 960 520 1042 αἷρχήν
529 961 585 1043 γαίρ
599 961 653 1042 ἐγώ
665 959 869 1039 μηχανήσομαι
881 959 961 1033 οὕτω,

161 1047 235 1110 ὥστε
252 1049 323 1126 μηδὲ
338 1050 440 1127 μαθεῖν
455 1051 512 1127 μιν
521 1048 661 1127 ὀφθεῖσαν
677 1046 734 1108 ύπό
752 1051 814 1108 σεῦ·
835 1047 890 1130 ἐγώ
904 1048 961 1130 γόρ

160 1161 197 1196 σε
210 1141 238 1200 ἐς
249 1136 283 1199 τό
297 1137 400 1214 οἴκημα
413 1141 442 1197 ἐν
454 1139 494 1216 τῷ
506 1135 666 1213 κοιμώμεθα
676 1135 779 1198 ὄπισθε
791 1139 842 1212 τῆς
851 1135 960 1218 ἀνοιγο-

160 1225 245 1301 μένης
258 1223 341 1302 θύρης
354 1225 462 1301 στήσω
478 1222 550 1301 μετὰ
559 1222 582 1283 δ’
596 1226 645 1301 ἐμὲ
655 1221 809 1284 ἐσελθόντα
821 1225 961 1302 παρέσται

197 1310 246 1334 ἱ(
326 1310 448 1336 {tax

161 1336 207 1370 και
226 1337 245 1388 η
265 1338 335 1393 γυνη
354 1338 374 1389 η
395 1337 448 1389 εμη
469 1315 497 1376 ἐς
517 1314 620 1371 κοῖτον.
640 1315 728 1371 κεῖται
747 1310 777 1370 δέ
800 1311 890 1393 ἀγχοῦ
909 1315 962 1388 τῆς

159 1397 261 1460 ἐσόδου
284 1399 392 1477 θρόνος·
420 1399 466 1459 ἐπὶ
492 1403 592 1460 τοῦτον
613 1402 670 1459 τόν
693 1398 807 1475 ἱματίων
833 1398 905 1460 κατιί
931 1401 962 1460 ἐν

160 1485 280 1548 ἕκαστον
295 1487 447 1548 ἐκδύνουσα
464 1485 555 1563 θήσει,
569 1487 616 1545 καὶ
634 1485 694 1546 κατ’
708 1485 830 1566 ήουχίην
846 1487 961 1564 πολλήν

158 1575 272 1652 παρέξει
290 1600 335 1634 τοι
355 1574 523 1650 θεήσασθαι.
566 1573 650 1635 ἐπειίν
668 1575 698 1634 δὲ
715 1572 772 1633 αἷπό
789 1577 841 1634 τοΐ
857 1574 959 1652 θρόνου

158 1662 259 1742 στείχῃ
273 1663 319 1722 ε’πί
331 1661 384 1738 τήν
397 1660 478 1739 εὐνήν
491 1660 564 1722 κατοῖ
576 1661 665 1723 νώτου
679 1687 711 1723 τε
727 1659 812 1738 αύπής
823 1663 900 1743 γένῃ,
910 1663 960 1723 σοὶ

157 1752 266 1826 μελέτω
285 1750 319 1811 τό
340 1751 464 1812 ἐνθεῦτεν
484 1751 554 1816 ὅκως
573 1749 616 1828 μή
636 1776 672 1811 σε
694 1749 793 1830 όψεται
813 1749 891 1811 ἰόντα
911 1750 958 1828 διοί

158 1838 286 1916 θυρέων.”
326 1837 361 1897 Ὁ
373 1840 425 1916 μὲν
439 1838 482 1915 δὴ,
497 1837 533 1903 ὦς
550 1837 600 1898 ούκ
616 1837 729 1898 ἐδύνατο
743 1838 909 1919 διαφυγέειν,
923 1836 959 1914 ἦν
968 1838 1006 1897 10

157 1928 276 2003 ἑτοῖμος·
292 1924 309 1986 ό
324 1926 354 1986 δὲ
367 1925 534 2003 Κανδαύλης
551 1926 612 1985 ἐπεὶ
628 1924 720 1987 ἐδόκεε
733 1924 790 2002 ὤρη·
801 1929 853 2001 τῆς
866 1927 959 2002 κοίτης
1020 1972 1023 1977 .

136 2074 140 2079 ,
157 2011 236 2083 εἶναι,
245 2011 335 2095 ἤγαγε
347 2014 398 2075 τόν
407 2013 499 2096 Γύγεα
512 2016 540 2077 ἐς
552 2013 586 2074 τό
597 2013 708 2088 οἴκημα·
727 2013 773 2071 καὶ
785 2011 857 2089 μετιί
869 2017 958 2073 ταῦτα

157 2098 255 2160 αότίκα
264 2105 356 2179 παρῆν
367 2100 440 2177 καὶὴ
453 2100 533 2181 γυνή·
548 2100 725 2160 ἐσελθοῦσαν
733 2099 763 2158 δὲ
773 2100 819 2158 καὶ
829 2100 957 2161 τιθεῖσαν

156 2186 192 2247 τοὶ
201 2188 301 2265 εἵματα
314 2187 422 2265 ἐθηεῖτο
436 2186 452 2247 ό
463 2186 564 2267 Γύγης·
582 2186 617 2249 οἷς
626 2187 656 2246 δὲ
669 2184 740 2246 καταὶ
749 2184 836 2246 νώτου
847 2187 956 2267 ἐγένετο

157 2274 253 2351 ἰούσης
271 2278 323 2350 τῆς
340 2273 469 2356 γυναικός
487 2278 514 2339 ἐς
533 2273 587 2352 τήν
604 2275 707 2349 κοίτην,
719 2272 837 2337 όπεκδίς
854 2272 955 2353 ἐχώρεε

156 2362 216 2433 ἔξω·
237 2364 283 2423 καί
299 2362 319 2439 ἠ
336 2363 406 2444 γυνή
424 2365 513 2441 ἐπορᾷ
530 2388 580 2439 μιν
595 2359 711 2433 ἐξιόντα,
724 2362 857 2439 μαθοῦσα
874 2362 905 2421 δὲ
922 2362 956 2422 τό

154 2452 271 2527 ποιηθὲν
291 2456 321 2511 ἐκ
341 2454 391 2511 τοῦ
409 2449 509 2528 οἰνδρδς
527 2449 590 2511 αύτε
608 2449 752 2526 ἆνέβωσεν
771 2450 956 2530 αἰσχυνθεῖσα

155 2536 219 2598 ούτε
244 2538 319 2608 ἔδοξε
344 2538 466 2615 μαθέειν,
490 2540 520 2599 ἐν
545 2536 599 2618 νόῳ
622 2536 728 2617 ἔχουσα
751 2538 884 2598 τίσεσθαι
905 2536 955 2597 τόν

155 2625 331 2686 Κανδαύλεα·
352 2624 430 2705 παρὰ
446 2622 501 2707 γοῖρ
514 2629 591 2690 τοῖσι
606 2625 733 2695 Λυδοῖσι,
747 2623 851 2704 σχεδόν
863 2624 893 2684 δὲ
908 2624 955 2683 καὶ

153 2712 231 2791 παραὶ
242 2716 320 2774 τοῖσι
335 2711 456 2773 ἄλλοισι
467 2711 655 2790 βαρβάροισι,
670 2713 716 2772 καὶ
731 2710 817 2788 όνδρα
832 2711 955 2793 ὀφθῆναι

153 2800 259 2881 γυμνόν
279 2806 307 2865 ἐς
327 2798 464 2880 αἰσχύνην
481 2799 611 2881 μεγάλην
627 2801 717 2877 φέρει.
757 2799 829 2859 Τότε
846 2800 899 2875 μὲν
919 2798 999 2874 δήΙΙ

154 2886 239 2952 οὕτως
257 2887 336 2948 οὐδὲν
353 2886 510 2963 δηλώσασα
529 2886 652 2966 ηάυχίην
672 2886 739 2966 είχε·
759 2886 797 2950 ώς
815 2885 846 2945 δὲ
863 2884 955 2963 η’μέρη

153 2974 275 3055 τάχιστα
294 2974 428 3057 ἐγεγόνεε,
449 2978 504 3035 τόν
525 2975 650 3035 οἰκετέων
669 2975 734 3038 τούς
749 2973 878 3051 μάλιστα
895 2973 953 3051 ὥρα

153 3062 271 3126 πιστούς
291 3061 386 3124 ἐόντας
405 3064 492 3139 ἐωυηή
513 3061 639 3137 ἑτοίμους
655 3061 839 3137 ποιησαμένη,
856 3059 953 3120 ἐκόλεε

152 3148 202 3210 τόν
211 3148 313 3230 Γύγεα·
329 3148 346 3208 ό
359 3148 389 3207 δὲ
403 3146 481 3209 οὐδὲν
494 3148 596 3207 δοκέων
608 3145 694 3222 αὐτήν
707 3151 746 3206 τό
747 3173 762 3206 ν
774 3148 954 3226 πρηχθέντων

154 3235 333 3306 ἐπίστασθαι,
343 3233 415 3311 ἦλθε
426 3232 603 3312 καλεόμενος·
617 3231 697 3295 ἐώθεε
708 3232 821 3313 γὰρκαὶ
833 3234 952 3311 πρόσθε,

987 3393 1055 3459 Δ
