2150 3500
149 95 181 144 18
454 97 639 148 ‘HPOAO'I'O'I‘
915 92 960 158 [Ῐ.

148 171 340 251 δπεισζοχεται
349 172 367 235 ἀ
375 178 427 236 τοῦ
436 177 564 255 Κροίσου
572 180 639 239 παῖς
647 172 773 252 ἀκηκοὼς
780 172 960 248 πῶνὶδέοντο

149 261 177 320 αἱ
189 260 296 319 Μυσοί·
316 259 350 320 οὗ
363 265 490 340 φαμένου
505 263 536 323 δὲ
550 267 600 324 τοῦ
614 264 741 340 Κροίσου
755 258 807 324 τόν
817 286 853 340 γε
864 261 960 322 παῖδιί

149 351 206 420 σφι
224 348 411 426 συμπέμψειν,
428 353 506 431 λέγει
525 351 596 427 πράς
615 349 701 411 αι’πάν
717 349 734 412 ὁ
752 348 860 426 νεηνίης
875 348 958 410 τάδε·

147 431 192 494 “οἰ
201 432 298 512 ποίτερ,
306 434 346 496 τά·
351 436 494 499 κάλλιστα
501 437 637 516 πρότερόν
644 461 707 498 κοτε
717 438 764 498 καὶ
770 433 958 519 γενναιότατα

148 519 217 598 ἡμῖν
235 519 278 598 ἢν,
298 523 327 588 ές
344 550 377 584 τε
399 527 541 603 πολέμους
563 526 611 586 καὶ
633 530 662 588 ές
680 523 769 606 ἄγρας
788 525 958 601 φοιτέοντας
982 594 985 596 ,
1030 375 1047 634 δ

148 608 323 686 εὐδοκιμέειν·
340 615 389 674 νῦν
397 612 428 674 δὲ
440 613 606 691 ἀμφοτέρων
617 636 654 689 με
662 611 766 673 τούτων
774 610 958 688 ἀποκληίσας
995 607 999 614 ’

149 696 229 775 ἔχεις,
245 695 309 758 οὕτε
327 699 390 760 τινά
409 699 514 777 δειλίην
531 725 582 778 μοι
600 697 722 777 παριδιδν
739 697 803 760 οὔτε
820 697 955 776 ἀθυμίην.
1035 648 1050 901 ἱ

77 837 79 842 .
149 787 199 846 νῦν
216 809 248 846 τε
267 786 360 846 τέοισί
375 813 413 864 με
429 786 485 868 χρὴ
505 787 616 866 ὄμμασι
634 788 661 852 ές
678 811 711 848 τε
730 785 836 868 ἀγορὴν
855 787 906 846 καὶ
923 787 957 857 ἐξ

149 868 254 951 ἀγορῆς
277 874 426 951 φοιτέοντα
448 875 612 952 φαίνεσθαι;
640 876 716 938 κοῖος
736 875 789 951 μέν
810 899 853 938 τις
874 877 956 936 τοῖσι

148 959 304 1040 πολιήτῃσι
321 961 392 1031 δόξω
412 962 494 1033 efran
515 965 591 1026 κοῖος
608 962 639 1022 δέ
653 987 697 1026 τις
711 965 750 1042 ιη’
764 960 892 1043 νεογάμῳ
904 987 955 1043 γο-

111 1091 114 1096 -
148 1047 235 1117 ναικί;
255 1049 321 1128 κοίῳ
334 1049 364 1108 δὲ
380 1049 469 1126 ἐκείνη
481 1048 557 1120 δόξει
571 1049 650 1128 ἀνδρὶ
662 1049 828 1119 συνοικέειν;
848 1052 900 1130 ἐμὲ
916 1048 956 1112 ὧν

148 1133 188 1194 αδ
202 1131 222 1210 ἢ
236 1136 318 1212 μέθες
334 1137 403 1198 ἰέναι
422 1139 468 1200 ε’πὶ
486 1136 540 1214 τὴν
559 1137 656 1214 θήρην,
672 1134 691 1213 ἣ
706 1135 784 1218 λόγῳ
798 1134 956 1198 ἀνάπεισον

102 1220 219 1286 θὸὅκως
230 1249 280 1300 μοι
293 1223 394 1301 ἀμείνω
406 1226 468 1287 ἐστὶ
476 1229 566 1287 ταῦτα
575 1224 647 1286 οὕτω
654 1221 830 1301 ποιεόμενα.”
858 1223 956 1301 Ἀμεί-

148 1311 233 1387 βεται
242 1315 367 1389 Κροῖσος
375 1314 481 1375 τοῖσδε·
495 1311 539 1373 “ὦ
548 1316 608 1384 παῖ,
616 1312 680 1374 οὔτε
689 1312 795 1393 δειλίην
804 1309 867 1374 οὔτε
875 1311 956 1374 ἀλλο
1044 1196 1054 1463 ζ

149 1396 228 1459 οὐδὲν
240 1398 326 1479 ἄχαρι
336 1401 459 1478 παριδών
467 1426 512 1462 τοι
523 1402 609 1461 ποιέω
620 1402 718 1461 ταῦτα·
735 1397 814 1460 ἀλλά
824 1425 876 1478 μοι
888 1399 957 1480 ὄψις

149 1483 256 1563 ὀνείρου
273 1492 304 1548 ἐν
321 1491 361 1566 τῷ
376 1487 452 1568 ὕπνῳ
469 1491 612 1549 ἐπιστᾶσα
629 1488 686 1564 ἔφη
702 1512 739 1548 σε
757 1485 956 1569 ὀλιγοχρόνιον

150 1573 283 1653 ἔσεσθαι·Ι
293 1573 411 1655 ὕπὸγάρ
420 1578 524 1655 αἰχμῆς
532 1573 854 1652 σιδηρέηςάπολέεσθοι.
881 1576 957 1654 πρὸς

150 1658 188 1721 ὧν
199 1658 251 1736 τὴν
260 1659 326 1739 ὄψιν
334 1661 444 1739 ταύτην,
453 1661 504 1723 τόν
514 1688 548 1724 τε
558 1662 651 1743 γάμον
660 1687 705 1725 τοι
714 1665 815 1725 τοῦτον
825 1664 957 1725 ἔσπευσα

150 1748 197 1809 καὶ
205 1748 251 1809 ἐπὶ
259 1749 295 1809 τά
302 1750 582 1829 παραλαμβανόμενα
589 1750 639 1813 οὐκ
647 1750 812 1828 ἀποπέμπω,
820 1751 957 1829 φυλακην,

149 1836 220 1916 ἔχων
233 1838 259 1897 εί
270 1863 323 1903 κως
332 1838 464 1919 δυναίμην
474 1840 520 1901 ἐπὶ
531 1843 583 1915 τῆς
592 1842 661 1917 έμῆς
671 1864 707 1900 σε
719 1837 783 1915 ζόης
792 1839 954 1918 διακλέψαι.

150 1924 190 1988 εἷς
203 1923 259 2006 γάρ
275 1951 325 2003 μοι
338 1930 440 2004 μοῦνος
455 1926 620 2037 τυγχάνεις
616 1926 668 1989 έάν
683 1930 759 1991 παῖς·
778 1925 829 1988 τδν
842 1925 899 2009 γάρ
915 1928 955 2005 δν)
1050 1793 1056 2020 φ

150 2012 252 2090 ἕτερον,
265 2012 516 2092 διεφθαρμένον
481 2040 534 2090 την
548 2013 645 2091 ἀκοην,
658 2013 709 2077 οὐκ
725 2014 797 2075 εἶναί
807 2039 858 2091 μοι
872 2017 955 2096 λογί-

103 2101 141 2161 39
151 2098 258 2178 ζομοι.”
297 2099 500 2180 Ἀμείβεται“
482 2130 499 2165 ο
521 2104 629 2181 νεηνίης
647 2102 785 2165 τοῖσδε(
786 2102 954 2215 ίσυγχνάμη
1051 2065 1056 2216 φ

149 2214 209 2265 μεν,
226 2188 249 2249 ὦ
263 2188 360 2268 πάτερ,
373 2216 419 2251 τοι
407 2190 521 2253 ι’δόντι
537 2216 573 2273 γε
589 2189 656 2269 ὄψιν
671 2189 802 2267 τοιαύτην
817 2215 882 2267 περι
901 2194 954 2267 ἐμὲ
1051 2219 1055 2324 γ

76 2306 78 2309 ·
149 2276 312 2388 φυλακῆν”
297 2304 378 2358 εχειν
398 2304 432 2340 το
423 2278 478 2339 δὲ
493 2304 526 2339 ου
517 2276 780 2355 μανθάνειςάλλὰ
794 2277 902 2354 λέληθέ
915 2302 954 2339 σε

149 2363 183 2423 τά
196 2362 309 2441 ὄνειρον,
323 2366 373 2442 ε’μέ
383 2390 428 2426 τοι
440 2364 572 2427 δίκαιόν’
558 2390 621 2427 εστι
632 2364 758 2443 φράζειν.
791 2362 872 2444 φης
860 2390 906 2426 τοι
916 2366 953 2428 τά

148 2447 255 2528 ὄνειρον
267 2450 322 2511 ὗπά
336 2456 439 2531 αἰχμῆς
454 2453 586 2530 σιδηρέης
598 2452 687 2530 φόνοι
701 2455 750 2530 ἐμὲ
762 2452 951 2528 τελευτήσειν·

149 2536 199 2601 ὖάς
214 2538 244 2597 δὲ
259 2541 333 2599 κοῖαι
344 2539 397 2615 μέν
409 2542 466 2601 είσι
477 2543 580 2620 χεῖρες;
601 2542 663 2617 κοίη
676 2540 707 2600 δὲ
721 2538 812 2620 αἰχμὴ
824 2540 950 2617 σιδηρέη,

149 2623 185 2700 ἣν
197 2624 235 2685 σι)
245 2626 364 2703 φοβέαι;
381 2629 405 2687 εἰ
417 2627 533 2709 μένγάρ
542 2626 598 2689 ὔπδ
607 2627 718 2692 ὀδόντος
730 2653 775 2688 τοι
784 2626 845 2691 εἶπε
856 2631 951 2690 τελευ-

148 2710 247 2789 τήσειν
258 2738 303 2790 με,
315 2710 334 2789 ἢ
347 2712 439 2775 ἄλλου
450 2740 498 2775 τευ
513 2714 530 2775 ὅ
546 2740 575 2777 τι
589 2715 677 2796 τούτῳ
689 2716 769 2786 ἔοικε,
781 2718 855 2795 χρῆν
866 2714 902 2791 δή
914 2740 951 2775 σε

149 2800 252 2861 ποιέειν
264 2800 300 2861 τά
311 2801 422 2866 παίεις·
439 2806 488 2863 νῦν
497 2802 527 2863 δὲ
539 2802 597 2864 ἀπό
606 2806 720 2883 αἰχμῆς.
753 2804 857 2864 ἐπείτε
870 2800 907 2863 ὧν
915 2801 950 2863 οὔ

101 2890 141 2949 40
150 2888 220 2966 πρός
232 2887 360 2969 ἀνδρας“
340 2892 409 2967 ημῖν
420 2891 526 2971 γίνεται
539 2916 564 3004 η
571 2890 658 2971 μίχη,
668 2889 824 2969 μέθες”
762 2916 808 2969 με
856 2888 949 2967 Αμεί-

51 3036 56 3045 ,
148 2980 233 3053 βεται
253 2981 387 3055 Κροισος·
407 2976 451 3037 “03
470 2982 531 3050 παῖ,
549 2980 611 3040 ἔστι
630 2983 667 3058 τῇ
685 3003 723 3056 με
741 2982 819 3059 νικᾷς
837 2977 949 3060 γνιίμην

149 3062 313 3141 ἀποφαίνων
324 3065 389 3143 περὶ
400 3067 450 3126 τοῦ
463 3066 600 3127 ἐνυπνίου·
616 3091 653 3129 ως
665 3065 703 3127 ὧν
711 3065 949 3177 νενικημένοςυπά

149 3152 202 3211 σέο
213 3152 418 3261 μεταγινώσκω,
430 3154 548 3231 μετίημί
554 3153 631 3214 πέσε
643 3152 713 3213 ἰέναι
722 3152 768 3213 ἐπὶ
776 3178 829 3229 την
835 3178 933 3234 αγρην

103 3237 140 3296 41
189 3237 950 3321 ΕἴπαςδὲταΰταόΚροῖσοςμεταπέμπετιιιτονΦρίγα
