2150 3500
134 133 275 197 ιιι-ιιι]
422 135 648 186 ΜυιΠοΜυυΗ.
886 137 932 190 ³57

133 215 206 276 σέων
225 217 337 295 ἔχονται
355 213 490 292 ἀροτῆρες
501 213 556 290 ἤδη
569 216 684 292 Λίβυες,
698 216 744 275 καὶ
758 217 845 280 οἰκίας
858 219 934 294 νομί-

133 303 227 374 ζοντες
239 304 389 378 ἐκτῆσθαι·Ι
403 307 480 363 τοῖσι
493 302 599 380 οὕνομα
613 304 704 362 κέεται
717 303 839 374 Μάξυες·
861 305 887 364 οἳ
898 304 935 366 τοὶ

134 391 256 460 ε’πιδεξιά
275 396 332 451 τῶν
352 393 497 467 κεφαλέων
514 391 648 469 κομόωσι,
667 390 702 451 τά
723 390 745 450 δ’
764 392 934 469 ε’παριστερά

134 480 268 555 κείρουσι·
283 477 317 538 τδ
330 479 360 538 δὲ
373 483 456 556 σῶμα
468 480 595 558 χρίονται
608 481 709 559 μίλτῳ·
727 480 802 555 φασὶ
816 479 845 538 δὲ
858 478 935 539 οὗτοι

134 566 271 626 εἶναιτῶν
285 572 314 625 ἔκ
328 569 429 643 Τροίης
446 567 561 644 ἀνδρῶν.
595 567 614 644 ἡ
628 569 657 626 δὲ
670 567 747 647 χάρη
761 566 831 643 αὕτη
844 568 935 643 τεκαὶ

132 653 153 730 ἦ
168 654 257 730 λοιπὴ
269 658 320 730 τῆς
332 655 443 731 Λιβάης
455 655 474 731 ἦ
487 655 559 732 πρδς
579 657 708 732 ἕσπέρην,
721 659 822 734 πολλῷ
836 656 933 732 θηριω-

133 740 252 818 δεστέρη
269 768 301 801 τε
321 741 368 799 καὶ
381 741 520 818 δασυτέρη
533 743 596 800 ἐστὶ
608 746 659 816 τῆς
671 747 726 802 τῶν
739 741 866 818 νομάδων
879 743 932 822 χά-

132 855 194 905 ρης·
213 828 299 906 ἠμὲν
316 830 372 910 γάρ
393 829 426 905 δη
446 829 516 907 πρός
528 830 581 905 την
593 829 634 905 ἠῶ
647 833 697 904 τῆς
710 831 827 906 Λιβύης,
840 830 893 907 'ij
907 835 933 890 οἱ

133 915 251 993 νομάδες
272 919 397 993 νέμουσι,
420 917 481 976 ἔστι
504 917 621 992 ταπεινή
642 943 674 978 τε
700 917 746 976 καὶ
769 911 931 996 ψαμμώδης,

132 1005 217 1082 μέχρι
236 1009 286 1063 τοῦ
306 1007 442 1081 Τρίτωνος
460 1010 598 1082 ποταμοῦ·
625 1005 644 1081 η’
661 1006 690 1064 δὲ
708 1004 764 1064 ἀπό
782 1005 882 1063 τούτου
900 1005 933 1064 τό

133 1092 204 1168 πρός
220 1093 348 1168 ἑσπέρης,
362 1092 381 1168 ἦ
397 1097 452 1152 τῶν
468 1092 618 1169 ἀροτήρων,
636 1091 729 1169 ὀρεινή
741 1117 773 1152 τε
786 1091 873 1169 κάρτα
887 1094 932 1151 καὶ

134 1179 223 1239 δασέα
244 1180 290 1238 καὶ
307 1181 451 1256 θηριώδης·
473 1180 519 1240 καὶ
535 1181 589 1262 γάρ
605 1184 631 1239 οῖ
647 1179 726 1256 ὄφιες
739 1183 766 1240 οἱ
778 1173 935 1261 ἀπερμεγά-

134 1269 195 1331 θεες
208 1268 254 1326 καὶ
267 1269 294 1326 οἶ
307 1268 503 1330 λέοντεςκατά
515 1268 630 1331 τούτους
644 1269 707 1337 εἶσὶ,
716 1268 762 1326 καὶ
776 1271 802 1327 οἳ
816 1269 932 1344 ἐλέφαν-

132 1356 179 1417 τές
190 1381 222 1415 τε
235 1356 282 1415 καὶ
295 1353 400 1432 ἀρκτοι,
409 1357 457 1415 καὶ
464 1355 581 1419 ἀσπίδες
593 1381 624 1415 τε
638 1356 683 1414 καὶ
693 1354 753 1415 όνοι
766 1359 793 1414 οἱ
805 1355 841 1416 τά
854 1356 934 1432 κέρεα

134 1445 254 1522 ἔχοντες·
275 1443 322 1502 καὶ
340 1446 368 1502 οἶ
385 1446 580 1519 κυνοκέφαλοι,
595 1445 640 1502 καὶ
660 1447 686 1503 οἱ
707 1442 846 1518 ἀκέφαλοι
862 1445 889 1500 οἱ
907 1447 936 1501 ἔν

132 1535 210 1591 τοῖσι
220 1531 348 1606 Ιστήθεσι
366 1531 432 1594 τούς
452 1531 620 1608 ὄφθαλμούς
637 1533 753 1611 ἔχοντες,
770 1529 818 1609 (οἷς
835 1528 869 1604 δη
888 1531 933 1587 λέ-

133 1620 234 1700 γονταί
252 1644 285 1698 γε
304 1618 359 1678 ἀπὸ
380 1619 517 1698 Λιβύων,)
539 1620 585 1680 καὶ
606 1623 632 1680 ὁὶ
653 1620 745 1700 άγριοι
768 1617 871 1695 ἄνδρες,
888 1617 935 1675 καὶ

133 1709 261 1789 γυναῖκες
286 1707 389 1789 ἀγριαι,
417 1708 463 1768 καὶ
489 1709 568 1768 ἀλλα
597 1709 700 1785 πλήθεϊ
726 1706 822 1767 πολλά
851 1706 934 1785 θηρία

134 1794 342 1874 ἀκατάψευστα.
372 1797 454 1856 Κατά
466 1797 532 1861 τούς
545 1797 680 1874 Νομάδας
693 1798 724 1856 δέ
736 1801 800 1857 ἐστι’
809 1794 914 1855 τούτων
925 1798 981 1854 192

134 1883 221 1955 οὐδὲν,
246 1884 311 1943 ἀλλ’
332 1884 410 1943 ἀλλα
431 1886 534 1944 τοιάδε·
563 1886 709 1967 πύγαργοι,
730 1885 775 1944 καὶ
796 1885 934 1961 ζορκάδες,

134 1973 181 2031 καὶ
201 1972 367 2048 βουβάλιες,
389 1972 435 2029 καὶ
456 1971 523 2041 ὄνοι,
546 1971 595 2031 οὐκ
617 1975 644 2030 οἶ
664 1972 700 2031 τά
722 1973 802 2047 κέρεα
827 1974 936 2049 ἔχοντες

133 2060 212 2119 ἀλλά
231 2058 316 2131 ἄλλοι
335 2057 444 2117 ἄποτοι·
465 2057 498 2118 οὗ
513 2058 570 2138 γάρ
589 2058 623 2134 δη
642 2060 763 2118 πίνουσι·
786 2058 832 2116 καὶ
850 2057 935 2134 ὄρυες,

131 2153 188 2208 τῶν
195 2146 232 2207 τά
246 2146 327 2222 κέρεα
339 2148 416 2204 τοῖσι
426 2146 532 2220 φοίνιξι
541 2148 568 2204 οἱ
575 2144 678 2224 πήχεες
685 2150 836 2205 ποιεῦνται·
851 2147 935 2228 μέγα·

134 2237 183 2298 θος
196 2234 226 2294 δὲ
239 2232 272 2293 τό
287 2234 384 2310 θηρίον
395 2236 480 2292 τοῦτο
499 2232 570 2292 κατὰ
583 2235 656 2310 βοῦν
671 2234 740 2292 ἔστί·
762 2234 808 2291 καὶ
821 2234 935 2309 βασσά-

132 2348 189 2399 ρια,
208 2322 254 2381 καὶ
271 2320 371 2391 ὕαιναι,
390 2320 436 2379 καὶ
453 2320 592 2400 ὕστριχες,
612 2322 658 2380 καὶ
679 2320 751 2397 κριοὶ
771 2318 871 2399 ἄγριοι,
891 2322 937 2379 καὶ

134 2412 249 2480 δίκτυες,
263 2410 310 2469 καὶ
323 2410 400 2479 θῶες,
414 2409 460 2468 καὶ
472 2409 619 2487 πάνθηρες,
634 2408 680 2469 καὶ
692 2407 803 2486 βόρυες,
815 2408 861 2466 καὶ
876 2433 937 2485 κρο-

135 2498 258 2559 κόδειλοι
277 2498 348 2559 ὅσον
363 2524 395 2558 τε
412 2497 560 2577 τριπήχεες
579 2502 716 2579 χερσαῖοι,
729 2500 800 2577 τῇσι
813 2495 938 2575 σαύρῃσι

136 2589 350 2663 ἐμφερέστατοι·
378 2586 424 2645 καὶ
447 2588 581 2663 στρουθοὶ
608 2586 761 2668 κατάγαιοι,
787 2586 833 2644 καὶ
860 2582 939 2659 ὄφιες

136 2675 251 2751 σμικροὶ
270 2675 351 2753 κέρας
367 2676 397 2735 ἓν
411 2673 529 2737 ἕκαστος
545 2675 663 2752 ἔχοντες.
697 2672 786 2734 ταῦτά
798 2699 830 2733 τε
843 2671 877 2747 δή
891 2669 939 2729 αὖ·

135 2761 199 2821 τόθι
217 2763 279 2822 ἐστὶ
295 2763 386 2840 θηρία,
401 2763 448 2821 καὶ
461 2761 533 2839 ἅπερ
546 2766 582 2839 τῇ
595 2760 679 2839 άλλη,
693 2759 770 2834 πλὴν
784 2758 895 2834 ἐλάφου
907 2782 939 2817 τε

136 2850 183 2908 καὶ
202 2849 250 2913 ὑός
270 2848 378 2930 ἀγρίου·
400 2842 506 2926 ἔλαφος
524 2850 554 2908 δὲ
571 2850 617 2908 καὶ
632 2844 664 2911 ὗς
685 2847 781 2928 ἄγριος
797 2850 826 2906 ἔν
841 2844 938 2923 Αιβιίη

134 2938 254 3014 πάμπαν
267 2937 317 2996 οὐκ
331 2938 402 2997 ἔστι.
435 2941 512 3013 μυῶν
526 2937 556 2995 δὲ
566 2934 649 3018 γένεα
661 2934 742 3013 τριξά
755 2933 824 2993 αὐτό
844 2960 853 2993 ι
867 2934 938 2993 ε’στί·

136 3028 164 3085 οἶ
180 3029 232 3101 μὲν
250 3025 361 3088 δίποδες
381 3026 536 3095 καλέονται,
552 3028 578 3084 οἱ
593 3024 621 3083 δὲ
640 3024 768 3106 ζεγέριες·
790 3020 835 3101 (τό
850 3021 879 3080 δὲ
893 3019 936 3080 οὔ·

137 3139 209 3194 νομαΙ
224 3111 308 3169 τοῦτό
326 3117 388 3170 ε’στι
407 3115 458 3187 μὲν
471 3112 607 3189 Λιβυκόν,
622 3112 734 3173 δύναται
746 3109 776 3170 δὲ
791 3109 861 3169 κατά
873 3108 938 3169 Ἑλ-

136 3199 210 3258 λάδα
228 3202 367 3280 γλῶσσαν
387 3200 509 3279 βουνοί)
525 3192 598 3259 οἶδὲ
619 3202 748 3280 ε’χινέες.’
771 3198 827 3258 εἰσὶ
844 3198 874 3257 δὲ
892 3197 939 3255 καὶ

136 3290 225 3367 γαλαῖ
244 3290 274 3346 ἐν
292 3289 331 3364 τῷ
350 3287 458 3364 σιλφίῳ
478 3286 630 3366 γινόμεναι,
650 3293 718 3367 τῇσι
740 3286 939 3365 Ταρτησσίῃσι
