2150 3500
105 160 250 226 τοο-ιιι]
452 160 565 210 mm.
866 161 912 210 101

105 238 144 300 τά
156 237 249 299 πάντα
263 235 342 315 πλὴν
355 238 415 303 ἓνδς
430 243 459 302 ές
475 237 542 298 ἕλεά
556 263 588 298 τε
605 238 651 299 καί
666 237 784 320 τενάγεα
800 238 911 300 ἐκδιδοῖ·

108 331 138 387 ε’ν
147 329 223 387 τοῖσι
233 325 395 404 ἀνθρώπους
405 327 595 386 κατοικεῖσθαι
605 327 723 407 λέγουσι
735 327 813 405 ἰχθῦς
823 325 913 403 άμούς

107 415 293 491 σιτεομένους,
308 416 408 490 ε’σθῆτι
421 414 451 474 δὲ
466 414 628 493 νομίζοντας
649 415 774 492 χρᾶσθαι
796 415 910 490 φωκέων

107 502 237 580 δέρμασι·
257 501 290 563 τδ
311 502 342 561 δὲ
356 502 385 563 ἓν
404 505 460 563 τῶν
473 501 622 579 στομάτων
642 507 691 562 τοῦ
711 500 834 584 Ἀράξεω
853 503 910 582 ῥέει

107 589 154 649 διοί
167 592 290 667 καθαροῦ
304 595 332 654 ἐς
344 590 396 668 τὴν
409 591 546 666 Κασπίην
559 589 719 650 θάλασσαν.

147 676 185 738 ‘H
198 679 229 738 δὲ
242 680 362 755 Κασπίη
377 677 513 739 θάλασσά
526 683 588 738 ἐστι
601 677 643 737 ἐπ’
658 681 765 753 ἑωυτῆς,
775 677 807 737 οὐ
821 681 954 756 στρ-203

104 766 253 847 μίσγουσα
264 770 301 846 τῇ
314 769 392 846 ἑτέρη
406 765 552 844 θαλάσσῃ·
581 765 633 842 τὴν
645 769 697 843 μὲν
708 766 764 848 γάρ
772 765 911 844 ’Έλληνες

104 854 304 914 ναυτίλλονται
316 859 422 926 πᾶσαν,
436 853 514 930 καὶὴ
529 854 580 924 ἔξω
594 854 722 930 στηλέων
740 854 876 914 θάλασσα
888 853 909 931 ἦ

104 938 255 1005 Ἀτλαντὶς
276 943 439 1019 καλεομένη,
461 942 508 1001 καὶ
527 941 548 1018 ἡ
567 941 698 1025 Ἐρυθρὴ,
711 942 763 1019 μία
777 941 909 1023 τυγχάνει

105 1032 205 1089 εὀὓσα·
224 1029 244 1106 ἦ
261 1030 291 1089 δὲ
313 1031 432 1106 Κασπίη
454 1031 515 1090 ἔστι
536 1030 615 1106 ἑτέρη
634 1029 676 1088 ἐπ’
693 1033 802 1106 ἑωυτῆς,
823 1033 910 1090 ἐοῦσα

102 1121 196 1195 μῆκος
220 1120 273 1195 μὲν
298 1117 390 1178 πλόου
417 1119 521 1196 εἰρεσίῃ
547 1117 692 1196 χρεωμένῳ
715 1118 909 1177 πεντεκαίδεκα

103 1204 238 1283 η’μερέων,
262 1204 341 1284 εὐρος
362 1207 392 1265 δὲ
414 1211 451 1284 τῇ
475 1205 609 1283 εὐρυτάτη
633 1206 694 1264 ἐστὶ
717 1204 786 1280 αὐτή
810 1208 910 1282 ἑωυτῆς

104 1291 179 1353 ὄκτοί
191 1293 324 1370 ἡμερέων.
345 1294 391 1353 καὶ
400 1294 436 1354 τά
449 1296 501 1371 μὲν
511 1292 582 1371 πρδς
594 1292 645 1370 τήν
656 1293 777 1370 ἕσπέρην
787 1293 910 1370 φέροντα

103 1385 157 1456 τῆς
179 1380 330 1458 θαλάσσης
350 1382 452 1458 ταύτης
471 1381 487 1442 ὅ
509 1381 661 1444 Καύκασος
678 1381 845 1458 παρατείνει,
858 1380 910 1442 εἀἰν

105 1467 209 1545 οὐρέων
219 1470 265 1528 καί
273 1469 378 1546 πλήθεϊ
390 1471 527 1551 μέγιστον
537 1469 583 1529 καὶ
595 1468 712 1550 μεγάθεϊ
721 1466 908 1548 ὑψηλότατον.

105 1557 187 1617 ἔθνεα
198 1557 229 1617 δὲ
243 1557 392 1636 ἀνθρώπων
404 1557 502 1618 πολλά
517 1559 563 1618 καὶ
575 1561 695 1618 παντοῖα
709 1561 738 1617 έν
752 1561 840 1636 ἑωυτῷ
852 1558 910 1637 ἔχει

104 1644 123 1704 ά
138 1644 298 1716 Καύκασος,
306 1646 342 1706 τά
356 1646 454 1706 πολλά
466 1645 559 1707 πάντα
572 1645 620 1705 ὐπ’
632 1645 702 1721 ὕλης
718 1643 816 1726 άγρίης
829 1645 909 1716 ζάον·

103 1760 151 1795 τα·
173 1739 203 1795 έν
214 1739 291 1795 τοῖσι
305 1735 352 1795 καί
365 1735 477 1813 δένδρεα
490 1735 590 1812 φύλλα
609 1735 725 1811 τοιῆσδε
742 1734 814 1811 ἰδέης
826 1761 910 1847 παρε-

103 1822 214 1903 χόμενα
225 1824 295 1885 εἰναι
307 1823 428 1906 λέγεται,
442 1850 478 1884 τα
468 1823 639 1903 τρίβοντάς
657 1849 688 1885 τε
709 1824 755 1882 καί
768 1825 909 1900 παραμίσ-

103 1936 208 1992 γοντας
220 1900 299 1989 ὕδωρ,
313 1913 395 1991 ζῷα“
383 1916 509 1972 εωυτοίσι
522 1917 550 1976 ἒς
562 1938 613 1989 την
627 1913 761 1987 ε’σθῆτα’
748 1912 908 1993 εγγράφειν·
983 1980 984 1983 ¹

103 2020 142 2059 τα
132 1998 185 2059 δὲ
197 1998 297 2080 ζῷα
265 2026 315 2060 ουκ
329 1999 524 2069 ἐκπλύνεσθαι,
540 1999 617 2059 ἀλλὰ
630 1999 909 2105 συγκαταγηράσκειν

103 2089 145 2165 τῷ
165 2084 284 2147 άλλω’
261 2089 333 2168 ειρίω
355 2087 477 2165 κατάπερ
499 2085 720 2164 ἓνυφανθέντα’
702 2085 801 2163 αρχήν.
834 2087 910 2163 μίξιν

104 2147 138 2233 δέ
161 2176 265 2237 τούτων
286 2182 343 2237 τῶν
365 2175 566 2255 α’νθράπων’
540 2200 608 2236 ειναι
631 2173 765 2252 ἐμφανέα,
787 2172 909 2252 κατάπερ

107 2265 186 2323 τοῖσι
198 2265 383 2347 προβάτοισι.

146 2352 235 2412 Τοὶ
201 2379 253 2430 μεν
266 2352 300 2430 δη
313 2353 384 2432 πρός
406 2353 527 2431 ἕσπέρην
542 2354 593 2427 τῆς
609 2349 759 2457 θαλάσσης
778 2348 886 2427 ταύτης,
897 2352 956 2411 204

103 2443 156 2516 τῆς
176 2444 310 2519 Κασπίης
328 2440 538 2519 καλεομένης,
522 2468 538 2501 ο
557 2438 747 2503 Καύκασος’
729 2439 852 2521 απέργει,
873 2465 909 2500 τα

104 2528 135 2587 δὲ
148 2528 219 2607 πρδς
231 2530 272 2606 ἠῶ
291 2556 323 2591 τε
336 2532 382 2590 καί
394 2529 477 2607 ἥλιον
489 2529 682 2589 α’νατέλλοντα
694 2528 789 2587 πεδίον
805 2528 907 2587 ἐκδέκε-

103 2642 151 2676 ται
163 2620 274 2694 πλῆθος
283 2617 398 2696 άπειρον
411 2623 438 2681 ές
448 2616 564 2697 άποψιν·
585 2620 636 2678 τοῦ
650 2616 687 2677 ὦν
701 2615 735 2692 δή
749 2614 845 2676 πεδίου
857 2620 909 2675 τοῦ

86 2746 88 2751 -
103 2706 232 2787 μεγάλου
254 2706 304 2767 οὐκ
327 2708 482 2787 ἐλαχίστην
497 2706 600 2783 μοίρην
611 2706 764 2784 μετέχουσι
777 2706 803 2763 οἰ
823 2710 908 2763 Μασ-

104 2795 233 2875 σαγέται,
248 2794 291 2854 ἐπ’
304 2795 382 2859 οὐςὸ
404 2798 498 2871 Κῦρος
520 2795 589 2873 ἔσχε
604 2792 762 2871 προθυμίην
775 2816 908 2868 στρατευ-

103 2882 224 2944 σασθαι·
244 2882 342 2943 πολλά
351 2910 383 2944 τε
394 2880 449 2964 γάρ
459 2907 508 2959 μιν
518 2883 564 2940 καὶ
577 2880 690 2963 μεγάλα
699 2878 735 2939 τά
745 2879 908 2956 ἐπαείροντα

104 2969 151 3027 καί
161 2968 348 3046 ἐποτρύνοντα
357 2968 400 3045 ἦν·
422 2973 533 3047 πρῶτον
542 2970 594 3046 μὲν
606 2968 752 3049 ἦγένεσις,
761 2964 794 3024 τδ
805 2964 909 3026 δοκέειν

103 3057 193 3117 πλέον
213 3083 242 3118 τι
265 3057 335 3117 εἰναι
357 3056 512 3135 α’νθράπου,
526 3055 640 3133 δεύτερα
662 3054 691 3112 δὲ
711 3052 731 3129 ἦ
754 3050 865 3130 εὐτυχίη
887 3049 906 3129 ἡ

104 3144 176 3206 κατά
201 3145 266 3208 τούς
291 3147 434 3223 πολέμους
458 3144 604 3225 γενομένη·
638 3140 690 3217 ὅκη
717 3139 772 3221 γάρ
800 3137 906 3199 ἰθύσειε

103 3231 310 3312 στρατεύεσθαι
331 3237 434 3312 Κῦρος,
456 3231 601 3312 ἀμήχανον
619 3229 654 3306 ἦν
671 3232 758 3289 ε’κεῖνο
775 3225 808 3288 τδ
830 3226 907 3291 ἔθνος

104 3320 275 3403 διαφυγέειν.
