2150 3500
172 117 207 172 ιι
483 117 669 168 Ἦνοιοτου
938 115 976 182 [ι

173 201 226 258 τοῦ
246 200 298 277 μὲν
321 197 439 275 ούρανοῦ
460 197 507 257 καὶ
526 200 582 256 τοῖν
602 196 693 273 ώρέων
718 200 749 256 ἐν
769 199 809 275 τῷ
831 197 979 276 καλλίστῳ

175 284 326 366 ἐτύγχανον
339 283 518 363 ἱδρυσάμενοι
530 284 633 347 πόλιας
644 282 755 343 πόντων
764 281 919 360 ἆνθρώπων
925 289 980 344 τοῖν

175 371 256 448 ἡμεῖς
277 373 365 450 ἴδμεν.
400 371 462 432 ούτε
481 371 537 453 γὰρ
557 370 594 432 τὰ
611 371 667 431 ἅνω
683 370 768 446 αὐτῆς
784 371 875 449 χωρία
891 370 979 432 τώυτδ

175 461 264 519 ποιέει
275 465 312 540 τῇ
326 460 424 540 Ἰωνίῃ,
438 458 501 520 οὔτε
512 458 549 519 τὰ
562 457 643 528 κάτω,
657 457 722 518 ούτε
733 457 769 517 τό
782 457 853 536 πρδς
863 458 919 534 τήν
929 459 980 535 ήαῖ,

177 545 240 608 ofin
256 548 292 608 τοὶ
308 547 378 626 πρδς
395 548 447 623 τήν
466 547 597 624 ἕσπέρην·
617 545 654 606 τιῖ
669 549 721 623 μέν
733 544 788 606 ύπδ
803 549 856 605 τοῦ
868 552 981 625 ψυχροῦ

176 659 209 695 τε
221 636 267 695 καὶ
278 635 365 718 ύγροῦ
378 633 585 711 πιεζόμενα,’τδ
597 634 628 693 δέ
638 633 695 693 ύπδ
707 637 757 694 τού
771 634 877 710 θερμοῦ
888 659 923 694 τε
936 636 982 693 καὶ

178 722 347 801 αύχμώδεος.
380 727 519 805 γλῶσσαν
539 722 570 781 δέ
590 721 623 782 ού
642 721 694 796 τήν
712 719 800 796 αὐτήν
812 718 891 781 οὗτοι
907 746 982 782 νενο-

177 812 286 887 μίκασι,
295 810 372 870 ἀλλὰ
384 810 505 888 τρόπους
516 811 655 886 τέσσερας
667 810 864 890 παραγωγέων.
885 811 982 887 Μίλη-

177 922 226 961 τος
236 901 289 975 μὲν
302 897 391 959 αὐτοῖν
401 897 496 975 πρώτη
506 896 692 960 κέεταιπόλις
704 896 774 974 πρὸς
785 898 982 975 μεσαμβρίην·

178 985 249 1062 μετὰ
262 987 300 1059 δέ,
313 985 411 1049 Μυούς
422 1011 454 1046 τε
467 987 513 1045 καὶ
527 984 649 1063 Πριήνή·
670 982 753 1045 αὗται
764 985 816 1061 μέν
830 989 859 1045 ἐν
871 988 909 1064 τῇ
923 991 983 1044 Κα-

178 1073 226 1152 ρίῃ
244 1075 423 1151 κατοίκηνται
440 1073 510 1134 κατὰ
521 1072 611 1134 ταύτὰ
623 1072 822 1154 διαλεγόμενοί
833 1079 900 1148 σφι·
921 1074 984 1134 αἶδε

179 1161 210 1220 δὲ
227 1167 256 1221 ἐν
267 1167 304 1240 τῇ
319 1163 416 1241 Λυδίῃ,
428 1161 565 1237 Ἔφεσος,
579 1153 880 1237 Κολοφών,’Λέβεδος,
898 1162 983 1233 Τέως,

180 1251 369 1327 Κλαζομεναὶ,
388 1249 510 1310 Φώκαια·
531 1246 614 1309 οὗτοι
635 1249 666 1308 δέ
681 1251 711 1307 αῖ
722 1248 820 1311 πόλιες
831 1253 902 1328 τῇσι
913 1250 984 1326 πρό-

179 1363 260 1416 τερον
272 1340 441 1418 λεχθείσησι
452 1337 642 1418 ὁμολογέουσι
655 1335 726 1397 κατὰ
741 1339 880 1418 γλῶσσαν
893 1335 982 1411 ούδέν,

180 1427 236 1500 σφὶ
252 1426 282 1486 δέ
302 1426 507 1503 ὁμοφωνέουσι·
529 1427 570 1485 ἐτι
586 1425 617 1484 δέ
631 1428 706 1502 τρεῖς
723 1423 877 1484 ύπόλοιποι
895 1423 985 1488 Ἰάδες

180 1514 284 1582 πόλιες,
297 1518 353 1573 τοῖν
365 1517 395 1572 αἶ
407 1511 457 1573 δύο
468 1516 521 1590 μέν
533 1511 638 1587 νήσους
650 1513 772 1572 οἰκέαται
785 1511 882 1588 Σάμον
890 1537 923 1573 τε
937 1514 985 1573 καὶ

180 1599 286 1675 Χίον,ή
299 1599 329 1659 δέ
341 1601 392 1676 μία
405 1605 434 1660 ἐν
446 1605 482 1679 τῇ
495 1599 600 1680 ήπείριρ
614 1600 728 1677 ὢρυται,
741 1599 884 1677 Ἐρυθραί.
915 1605 985 1662 Χῖοι

108 1727 112 1736 -
180 1688 232 1765 μέν
245 1713 292 1749 νυν
306 1689 353 1746 καὶ
369 1687 529 1766 Ἐρυθραῖοι
546 1687 617 1749 κατὰ
627 1687 716 1749 τώυτδ
728 1687 913 1770 διαλέγονται,
928 1690 985 1755 Σύ-

180 1801 241 1852 μιοι
252 1776 283 1835 δὲ
295 1775 338 1835 ἐπ’
351 1778 456 1837 ἑωυτῶν
468 1781 577 1854 μοῦνοι.
612 1773 689 1836 οὗτοι
701 1781 876 1855 χαρακτῆρες
886 1777 985 1858 γλώσ·

135 1864 191 1923 143
202 1888 256 1939 σης
269 1864 402 1942 τέσσερες
418 1865 552 1945 γίνονται.
586 1864 698 1925 Τούτων
713 1864 748 1940 δή
764 1863 802 1925 ὧν
817 1868 872 1925 τῶν
883 1863 985 1928 Ἰώνων

181 1954 209 2011 οἱ
226 1952 367 2028 Μιλήσιοι
383 1955 435 2029 μέν
450 1952 524 2029 ἦσαν
541 1958 571 2013 ἐν
586 1954 678 2031 σκέπῃ
697 1957 749 2013 τοῦ
768 1952 872 2029 φόβου,
888 1953 984 2032 ὅρκιον

181 2038 375 2118 ποιησόμενοι.
408 2045 485 2120 τοῖσι
505 2040 536 2100 δέ
556 2039 647 2101 αύταῖν
665 2040 821 2120 νησιώτῃσι
839 2039 876 2116 ἦν
892 2042 984 2103 δεινόν
1053 2073 1054 2076 ’

182 2120 269 2181 οὐδέν·
291 2121 354 2182 ούτε
365 2122 420 2203 γδρ
433 2123 557 2185 Φοίνικες
568 2121 644 2197 ἦσάν
651 2147 690 2181 κω
703 2124 837 2200 Περσέων
849 2122 984 2199 κατήκοοι

182 2208 245 2269 ούτε
258 2209 336 2270 αὐτοὶ
349 2213 376 2269 οῖ
389 2212 501 2287 Πέρσαι
513 2209 662 2286 ναυβάται.

221 2296 457 2376 Ἀπεσχίσθησαν
476 2298 507 2357 δέ
526 2297 583 2358 ἀπὸ
602 2302 659 2358 τῶν
677 2296 774 2359 ἄλλων
791 2295 889 2358 Ἰώνων
905 2296 984 2360 οὗτοι

183 2383 241 2443 κατ’
254 2385 329 2443 ἄλλο
346 2386 398 2460 μέν
412 2384 498 2455 ου’δέν,
513 2384 647 2450 ἀσθενέος
663 2386 694 2446 δέ
712 2384 806 2449 ἐόντος
816 2390 866 2446 τοῦ
878 2387 984 2451 παντός

181 2470 246 2530 τότε
264 2470 432 2547 Ἑλληνικοῦ
449 2473 552 2553 γένεος,
564 2478 665 2553 πολλῷ
682 2474 713 2533 δέ
726 2473 763 2550 ἦν
775 2472 984 2535 ἀσθενέστατον

119 2562 128 2580 “
181 2561 236 2617 τιῖν
250 2557 349 2617 ἐθνέων
360 2558 393 2618 vo*
406 2557 528 2621 Ἰωνικόν
537 2562 584 2621 καὶ
596 2560 685 2643 λόγου
699 2562 861 2639 ἐλαχίστου·
874 2560 984 2644 ὅτιγὰρ

182 2644 222 2721 μή
234 2644 360 2722 Ἀθῆναι,
372 2644 408 2723 ἦν
420 2645 499 2707 ούδέν
511 2649 586 2709 ἄλλο
598 2650 729 2726 πόλισμα
741 2648 872 2730 λόγιμον·
891 2652 919 2709 οῖ
930 2653 985 2727 μέν

169 2768 172 2773 v
182 2757 231 2793 νυν
243 2732 329 2793 ἄλλοι
340 2732 434 2797 Ἴωνες
451 2736 497 2796 καὶ
511 2739 539 2796 οῖ
549 2736 694 2813 Ἀθηναῖοι
706 2738 811 2819 ἔφυγον
822 2736 856 2797 τδ
868 2735 983 2815 οὕνομα,

184 2819 217 2881 ού
228 2820 401 2898 βουλόμενοι
414 2822 508 2887 Ἴωνες
520 2826 685 2901 κεκλῆσθαι·
705 2824 785 2885 όλλδ
797 2826 844 2883 κἀῖ
856 2828 904 2885 νῦν
917 2828 982 2901 φαί-

184 2910 280 2969 νονταί
295 2936 345 2987 μοι
358 2912 385 2969 οῖ
397 2912 504 2971 πολλοὶ
520 2912 610 2973 αι’πιῖν
622 2912 843 2991 ἐπαισχύνεσθαι
855 2917 895 2991 τῷ
906 2913 983 2974 ούνύ-

182 3022 260 3073 ματι·
287 3001 317 3057 αῖ
336 2998 367 3057 δὲ
384 2998 505 3058 δυώδεκα
524 3000 621 3063 πόλιες
641 2997 723 3059 αὗται
741 3005 780 3079 τῷ
799 3025 831 3060 τε
851 3000 983 3077 οὐνόματι

183 3083 353 3163 ἠγάλλοντο,
368 3086 414 3144 καὶ
431 3085 490 3163 ῖρδν
504 3086 652 3163 ἱδρύσαντο
665 3088 711 3145 ἐπὶ
724 3088 821 3161 σφέων
835 3085 932 3157 αὐτῶν,
945 3090 983 3167 τῷ

185 3168 291 3247 οὕνομα
311 3172 404 3231 ἔθεντο
425 3172 589 3232 Πανιώνιον·
609 3173 825 3247 ’ἐβουλεύσαντο
846 3174 877 3233 δέ
898 3173 983 3234 αύτοῦ

186 3258 350 3325 μεταδοῦναι
365 3258 521 3334 μηδαμοῖσι
538 3257 657 3318 ἄλλοισι
673 3258 781 3319 Ἰώνων·
801 3259 859 3321 οὐδ’
871 3259 983 3337 ἐδεήθη-
