2150 3500
144 108 193 155 ιιι
449 103 633 154 ἮνοΔοτου
885 100 953 166 [Ν.

143 182 249 261 οὔνομα
268 182 304 260 ἦν
325 182 474 260 Δημάναξ.
515 180 597 245 οὗτος
620 179 658 241 ὧν
681 179 754 257 ιύνήρ
777 177 952 256 άπικάμενος

145 275 173 335 ές
203 270 256 347 τήν
281 271 412 349 Κυρήνην
443 271 490 330 καὶ
517 269 615 347 μαθύν
641 269 756 338 ἕκαστα,
781 270 870 327 τοῦτο
896 269 951 343 μὲν

143 359 298 437 τριφύλους
320 359 437 435 ε’ποίησέ
458 365 559 434 σφεας,
583 357 650 436 τῇδε
674 357 786 420 διαθείς·
817 355 949 432 Θηραίων

146 451 198 525 μὲν
217 446 273 528 γάρ
297 447 343 507 καὶ
362 452 419 508 τῶν
439 447 585 525 περιοίκων
607 446 674 521 μίαν
696 448 798 522 μοῖραν
820 447 949 521 ἐποίησε,

147 535 240 610 ἄλλην
264 535 294 594 δὲ
314 534 554 611 Πελοποννησίων
577 533 623 592 καὶ
648 536 775 610 Κρητῶν,
795 532 894 612 τρίτην
921 533 953 591 δὲ

147 622 302 698 νησιωτέων
324 620 444 682 πάντων·
473 625 558 681 τοῦτο
585 620 615 679 δὲ
639 622 679 698 τῷ
704 620 827 696 βασθιέῖ
850 619 953 699 Βάττῳ

146 709 261 786 τεμένεα
282 708 385 779 ε’ξελιύν
406 710 454 768 καὶ
476 708 621 786 ἱρωσύνας,
642 705 679 766 τά
702 705 780 765 ἄλλα
801 704 895 766 πάντα
914 707 953 766 τά

148 796 285 875 πρότερον
311 796 388 876 εἶχον
417 800 445 856 οἳ
470 795 608 874 βασιλέες
634 799 662 858 ἐς
686 795 777 872 μέσον
804 797 843 873 τῷ
874 794 954 874 δήμῳ

150 885 237 960 ἔθηκε.

106 974 162 1032 162
211 971 331 1032 Ἐπὶ
297 962 349 1050 μεν
368 971 402 1048 δη
421 969 522 1031 τούτοιν
541 975 592 1032 τοῦ
612 970 724 1032 Βάττεω
744 969 816 1030 οὕτω
832 969 955 1030 διετέλεε

153 1060 242 1135 ἐόντα,
256 1065 301 1120 ε’πι
291 1061 350 1120 δὲ
364 1064 415 1120 τοῦ
431 1059 532 1120 τούτου
549 1058 649 1126 παιδδς
662 1058 835 1136 Ἀρκεσίλεω
852 1057 954 1133 πολλή

152 1147 262 1227 ταραχή
277 1174 341 1225 περι
356 1152 412 1208 τῶν
427 1148 529 1223 τιμέων
547 1148 665 1228 ἐγένετο.
698 1144 936 1222 Αρκεσίλεως
897 1171 956 1224 γαρ

154 1235 171 1296 6
195 1235 305 1295 Βάττου
328 1262 360 1295 τε
384 1261 434 1295 του
421 1237 553 1313 χωλου
576 1235 623 1294 καὶ
645 1234 809 1310 Φερετίμης
822 1231 874 1292 οὐκ
899 1233 956 1308 ἔφη

157 1323 305 1430 ἀνέξεσθαι
329 1349 400 1382 κατα
421 1349 458 1382 τα
480 1321 498 1381 6
524 1319 679 1384 Μαντινεύς
702 1319 843 1396 Δημάναξ
867 1320 956 1391 ἔταξε,

154 1409 269 1470 άλλά’
252 1409 367 1469 απαίτεε
388 1436 425 1469 τα
445 1413 501 1469 τῶν
523 1409 668 1489 προγόνων
693 1408 787 1487 γέρεα.
829 1407 957 1467 ε’νθεῦτεν

154 1496 314 1569 στασιάζων
342 1496 464 1572 έσσιύθη,
491 1496 538 1555 καὶ
567 1497 693 1576 ἔφυγε’
681 1521 708 1558 ες
735 1495 843 1570 Σάμον·
879 1493 898 1570 ἡ
925 1494 958 1554 δὲ

154 1585 247 1660 μήτηρ
268 1588 296 1643 οἱ
317 1589 344 1647 ἐς
367 1585 515 1660 Σαλαμῖνα
536 1587 588 1658 τῆς
610 1581 728 1659 Κύπρου
751 1582 849 1662 ἔφυγε.
892 1585 959 1659 (τῆς

156 1671 185 1729 δὲ
206 1673 365 1748 Σαλαμῖνος
383 1668 555 1753 τούτονιτδν
574 1669 677 1749 χρόνον
698 1668 845 1745 ἐπεκράτεε
866 1668 958 1728 Εὐέλ-

157 1760 220 1827 θων,
230 1758 260 1820 ὃς
271 1759 305 1817 τὰ
319 1763 349 1817 ἐν
362 1762 508 1832 Δελφοῖσι
521 1757 712 1835 θυμιητήριον,
726 1756 772 1817 ε’δν
781 1755 958 1833 ἀξιοθέητον,

157 1844 280 1920 άνέθηκε,
292 1844 326 1903 τδ
347 1849 377 1904 έν
394 1848 434 1923 τῷ
450 1846 605 1922 Κορινθίων
621 1846 752 1923 θησαυρῷ
770 1844 871 1904 κέεται·
893 1844 959 1904 α’πι-

157 1932 259 2008 κομένη
272 1932 302 1991 δὲ
316 1958 394 2009 παρα
408 1935 508 1993 τοῦτον
523 1932 542 2007 ή
560 1932 697 2009 Φερετίμη
716 1932 805 1991 ἐδέετο
822 1935 961 2009 στρατιῆς

159 2047 177 2096 η
164 2018 303 2090 κατάξει
319 2020 445 2096 σφέας’
432 2046 460 2083 ες
474 2019 527 2127 τήν
544 2018 684 2096 Κυρήνην·
704 2046 721 2079 ο
713 2017 766 2078 δέ
777 2044 811 2099 γε
823 2018 961 2079 Εὐέλθων

157 2113 215 2170 πᾶν
226 2107 369 2185 μᾶλλον
350 2135 369 2185 η
382 2098 518 2184 στράτιήν
530 2132 558 2165 οι
548 2106 670 2165 ε’διδου·
690 2132 709 2181 η
701 2106 752 2165 δὲ
765 2106 961 2182 λαμβάνουσα

158 2224 191 2257 το
183 2196 362 2273 διδόμενον,
376 2193 465 2255 καλδν
484 2196 536 2270 μὲν
556 2194 612 2269 ἔφη
632 2194 678 2253 καὶ
695 2197 779 2254 τοῦτο
796 2194 875 2263 εἶναι,
891 2194 958 2254 κάλ

158 2290 222 2345 λιον
241 2284 271 2343 δὲ
292 2287 378 2343 έκεῖνο
397 2282 430 2343 τύ
447 2283 541 2342 δοῦναί
558 2282 717 2359 αἰδεομένη
731 2280 876 2359 στρατιήν·
896 2287 960 2341 τοῦ·

158 2398 197 2451 το,
215 2372 261 2431 ε’πὶ
284 2372 367 2430 παντὶ
389 2370 444 2451 γάρ
464 2374 504 2447 τῷ
526 2368 659 2447 διδομένῳ
687 2370 775 2446 ἔλεγε,
797 2368 961 2429 τελευταῖόν

159 2462 186 2517 οἷ
210 2458 346 2535 ἐξέπεμψε
369 2456 458 2534 δῶρον
480 2456 497 2515 6
519 2456 651 2516 Εὐέλθων
674 2454 811 2532 ἄτρακτον
836 2455 962 2533 χρύσεον

159 2546 205 2604 καὶ
227 2542 378 2619 ήλακάτην,
400 2546 513 2620 προσ-ἧν
537 2544 567 2603 δὲ
594 2544 640 2602 καὶ
667 2543 761 2621 ε’ίριον·
790 2542 908 2618 είπάσης
931 2543 962 2601 δὲ

159 2632 236 2695 αὖτις
254 2636 305 2706 τῆς
325 2632 477 2707 Φερετίμης
499 2630 587 2691 τύυτί
609 2632 681 2705 ἔπος,
703 2629 719 2689 6
745 2629 879 2690 Εὐέλθων
905 2630 961 2705 ἔφη

157 2719 311 2781 τοιούτοισι
336 2721 468 2801 γυναῖκας
489 2718 650 2795 δωρέεσθαι,
673 2716 739 2777 ἀλλ’
761 2716 794 2777 οὐ
817 2718 961 2795 στρατιῇ.)

113 2811 170 2867 163
179 2808 213 2867 ‘0
242 2808 272 2867 δὲ
301 2806 486 2885 Ἀρκεσίλεως
511 2808 612 2866 τοῦτον
640 2805 690 2865 τύν
719 2803 821 2883 χρόνον
851 2804 903 2864 εἰδν
934 2810 963 2865 έν

161 2895 255 2973 Σάμῳ,
274 2894 421 2974 συνήγειρε
437 2892 529 2952 πάντα
550 2892 636 2969 ἄνδρα
658 2893 704 2951 ε’πὶ
724 2895 778 2973 γῆς
798 2890 962 2969 α’ναδασμῷ.

159 2982 370 3059 συλλεγομένου
390 2980 420 3038 δὲ
440 2982 563 3055 στρατοῦ
583 2983 704 3055 πολλοῦ,
720 2978 828 3054 ε’στιίλη
847 2982 876 3042 ές
890 2982 963 3037 Δελ-
1037 2974 1043 2985 “

160 3065 233 3135 φούς
255 3065 440 3142 Ἀρκεσίλεως
460 3065 637 3143 χρησόμενος
656 3071 695 3143 τῷ
712 3067 876 3144 χρηστηρίῳ
898 3065 964 3142 περὶ

160 3150 288 3208 κατόδου·
308 3151 327 3225 ή
347 3152 377 3209 δὲ
398 3152 491 3226 Πυθίη
512 3154 540 3209 οἱ
558 3155 616 3229 χρᾷ
635 3152 710 3211 τάδε·
731 3153 804 3210 “ε’πὶ
824 3154 877 3227 μὲν
897 3153 963 3211 τέσ-

159 3256 244 3307 σερας
270 3235 394 3298 Βάττους
419 3238 466 3295 καὶ
490 3236 677 3313 Ἀρκεσίλεως
705 3240 852 3317 τέσσερας,
886 3236 961 3299 dm}
