2150 3500
164 116 213 164 ιιι
468 111 653 163 Ἧιοιουοτ
916 109 984 176 [ιν.

167 194 229 255 ἐπεί
238 219 270 255 τε
281 194 332 254 τάν
345 193 496 270 Κορώβιον
508 191 640 254 λιπόντες
652 196 682 252 ἐν
693 193 731 269 τῇ
744 191 825 270 νήσῳ
840 190 986 250 ἀπίκοντο

164 287 193 346 ἐς
213 281 265 358 τήν
288 280 393 358 Θήρην,
414 279 580 361 ἀπήγγελον
601 279 637 342 ὥς
657 285 714 355 σφι
741 279 785 353 εἴη
812 283 908 353 νῆσος
936 279 985 338 ἐπὶ

165 370 261 447 Λιβύη
281 368 440 444 ἐκτισμένη.
474 368 626 445 Θηραίοισι
646 368 676 427 δὲ
697 366 759 424 ἕαδε
781 365 933 442 ἀδελφεόν
950 392 984 427 τε

163 457 212 517 ἀπ’
230 456 371 531 ἀδελφεοῦ
388 457 510 533 πέμπειν
527 456 611 536 πάλιρ
631 455 767 535 λαχόντα,
782 455 832 513 καὶ
851 453 913 514 ἀπά
926 460 983 515 τῶν

164 545 262 624 χοίρων
275 542 404 603 ἀπάντων
418 544 489 603 ἐπτά
503 543 602 604 ἐόντων
615 542 724 621 ἀνδρας·
746 541 819 601 εἶναι
833 541 867 600 δέ
879 547 983 617 σφεων

164 633 210 690 καὶ
230 629 356 711 ἡγεμόνα
377 632 423 690 καὶ
443 632 572 709 βασιλέα
593 631 712 691 Βάττον.
747 629 820 690 οὕτω
840 629 877 705 δή
894 631 981 690 στέλ-

165 724 251 778 λουσι
265 717 314 776 δύο
327 721 562 797 πεντηκοντέρους
575 725 603 782 ἐς
615 718 667 795 τήν
680 717 827 777 Πλατέαν.

118 808 175 866 154
218 809 315 865 Ταῦτα
334 806 365 865 δὲ
385 811 503 883 Θηραῖοι
522 808 651 889 λέγουσι·
671 805 707 866 τά
724 805 747 864 δ’
766 806 911 864 ἐπίλοιπα
927 808 980 865 τοῦ

164 894 263 974 λόγου,
277 895 472 972 συμφέρονται
484 895 542 971 ἤδη
551 899 669 973 Θηραῖοι
682 893 883 970 Κυρηναίοισι.
921 899 977 952 Κυ-

163 986 274 1058 ρηναῖοι
292 982 348 1062 γάρ
366 982 402 1042 τά
422 984 488 1060 περὶ
505 983 617 1053 Βάττον
634 982 761 1058 οὐδαμῶς
779 979 978 1061 ὁμολογέουσι
1051 1005 1053 1014 ’

165 1070 325 1145 Θηραίοισι·
356 1070 475 1151 λέγουσι
500 1070 557 1152 γάρ
585 1070 665 1130 οὕτω·
697 1070 758 1129 ἐστι
784 1071 838 1143 τῆς
859 1067 977 1144 Κρήτης

164 1154 248 1226 Ἀ’ξός
267 1156 352 1220 πόλις
372 1162 402 1217 ἐν
418 1184 454 1237 τη
476 1159 586 1240 ἐγένετο
603 1157 754 1235 Ἐτέαρχος
768 1155 925 1233 βασιλεύς·
945 1156 976 1218 ὃς

166 1244 212 1302 ἐπὶ
236 1244 353 1324 θυγατρὶ
374 1245 504 1324 ἀμήτορι,
528 1251 565 1325 τῇ
587 1245 694 1323 οὔνομα
714 1244 750 1321 ἦν
769 1245 910 1321 Φρονίμη,
930 1245 974 1303 ἐπὶ

165 1331 252 1410 ταύτῃ
271 1334 357 1412 ἔγημε
376 1331 470 1410 ἀλλην
482 1339 610 1415 γυναῖκα·
630 1333 649 1410 ή
664 1333 694 1393 δέ
707 1331 909 1392 ἐπεσελθοῦσα
923 1332 974 1391 ἐδι-

165 1419 242 1477 καίευ
264 1419 333 1480 εἶναι
351 1422 454 1501 καὶτῷ
474 1423 545 1503 ἐργιρ
562 1421 682 1499 μητρυιή
698 1424 734 1498 τῇ
751 1420 889 1497 Φρονίμῃ,
903 1443 973 1496 παρ-

166 1505 273 1584 έχουσά
292 1533 323 1567 τε
341 1509 413 1567 κακά
432 1510 478 1568 καὶ
497 1513 555 1569 πᾶν
568 1508 609 1568 ἐπ’
623 1508 693 1586 αὐτῇ
706 1506 906 1585 μηχανωμένη·
928 1507 973 1564 καὶ

164 1594 254 1663 τέλος,
275 1596 466 1674 μαχλοσύνην
483 1597 648 1656 ἐπενείκασά
667 1599 694 1654 οἱ
711 1595 801 1654 πείθει
819 1592 872 1654 τάν
886 1593 972 1670 ἀνδρα

165 1683 256 1739 ταΐτα
274 1681 348 1759 ἐχειν
364 1684 444 1742 οὕτω·
465 1684 481 1744 ὁ
498 1685 528 1743 δὲ
545 1683 733 1766 ἀναγνωσθεὶς
746 1673 802 1741 15πά
813 1685 867 1758 τῆς
878 1707 972 1763 γυναι-
1052 1681 1053 1692 ³

167 1766 216 1829 κάς
234 1768 315 1847 ἔργον
329 1768 380 1827 οὐκ
396 1771 477 1831 ὅσιον
491 1776 651 1850 ἐμηχανᾶτο
665 1771 711 1829 ἐπὶ
724 1776 760 1849 τῇ
775 1770 901 1850 θυγατρί.
937 1769 972 1846 ἦν
1051 1840 1052 1859 η

164 1853 221 1935 ιο
239 1854 273 1931 ο
292 1856 424 1933 Θεμίσων
438 1858 510 1937 «ιο
525 1864 648 1936 αρσια
664 1859 785 1935 {mos
798 1862 827 1917 εν
839 1860 874 1935 ο
885 1855 971 1937 ἐει

166 1946 268 2003 τοῦτον
284 1943 299 2003 ό
318 1944 470 2027 Ἐτέαρχος
488 1946 666 2025 παραλαβών
685 1946 731 2007 ἐπὶ
748 1947 835 2017 ξείνια
852 1946 969 2025 ἐξορκοῖ,

165 2029 185 2107 ἧ
201 2032 258 2109 μήν
275 2036 302 2093 οἱ
318 2033 494 2111 διηκονήσειν
509 2036 525 2095 ὅ
542 2062 570 2095 τι
588 2033 622 2095 ἀν
639 2035 735 2113 δεηθῇ·
756 2036 818 2094 ἐπεί
829 2061 863 2095 τε
880 2035 911 2094 δέ
929 2037 969 2106 ἐξ·

169 2118 286 2195 όρκωσε,
303 2121 416 2203 ἀγαγών
432 2126 459 2183 οἱ
477 2123 627 2201 παραδφοῖ
645 2122 697 2200 τήν
713 2128 815 2182 ἑωυτοῦ
831 2124 969 2205 θυγατέρα

167 2208 214 2265 καὶ
227 2208 331 2285 ταύτην
345 2213 454 2271 ἐκέλευε
467 2216 682 2272 καταποντῶσαι
696 2210 890 2292 ἀπαγαγόντα·
911 2212 968 2271 όδέ
1047 2284 1048 2289 η

166 2297 297 2369 Θεμίσων
320 2301 545 2376 περιημεκτήσας
570 2303 607 2377 τῇ
633 2297 727 2377 ἀπάτη
748 2302 799 2357 τοῦ
820 2297 905 2375 ὅρκου
924 2300 967 2358 καὶ
1047 2294 1048 2297 ¹

166 2382 373 2461 διαλυσάμενος
385 2388 437 2460 τήν
450 2388 561 2462 ξεινίην,
575 2387 665 2446 ἐποίεε
677 2386 780 2446 τοιάδε·
794 2386 967 2463 παραλαβάιν

164 2467 218 2542 τήν
236 2471 325 2529 παῖδα
345 2472 479 2532 ἀπέπλεε·
501 2474 536 2537 ὥς
557 2474 586 2533 δὲ
606 2474 721 2554 ἐγένετοΙ
736 2478 766 2534 ἐν
784 2478 823 2551 τῷ
843 2472 965 2553 πελάγεϊ,

167 2554 370 2633 ἀποσιεύμενος
385 2560 439 2634 τήν
457 2561 608 2639 ἐξόρκωσιν
624 2565 675 2621 τοῦ
693 2559 847 2639 Ἐτεάρχου
864 2559 966 2638 σχοινί-

166 2668 226 2703 οισι
242 2644 331 2720 αύτήν
344 2645 480 2723 διαδήσας
493 2652 597 2723 κατῆκε
610 2652 637 2711 ἐς
649 2647 683 2709 τά
696 2648 828 2728 πέλαγος,
842 2645 965 2706 ἀνασπά-

119 2734 176 2790 155
188 2757 242 2796 σας
263 2732 293 2791 δέ
314 2732 429 2795 ἀπίκετο
450 2740 478 2799 ἐς
497 2736 550 2811 τήν
573 2736 677 2813 Θήρην.
709 2735 857 2795 Ἑνθεΰτεν
874 2734 904 2792 δέ
917 2733 965 2809 τήν

165 2821 306 2897 Φρονίμην
329 2822 507 2900 παραλαβιάν
528 2822 745 2899 Πολύμνηστος,
767 2821 818 2882 ἐῶν
837 2824 895 2880 τῶν
914 2827 964 2896 Θη-

165 2907 250 2979 ραίων
267 2908 338 2985 ἀνήρ
355 2911 476 2987 δόκιμος,
495 2908 713 2970 ἐπαλλακεύετο·
734 2908 836 2988 χρόνου
851 2908 882 2967 δέ
895 2933 963 2984 περι-

163 2989 255 3052 ϊόντος
268 2993 408 3073 ἐξεγένετό
422 3001 449 3055 οἱ
461 2996 527 3059 πάϊς
541 2995 717 3073 ἰσχνόφωνος
731 2996 776 3055 καὶ
789 2994 917 3072 τραυλός,
928 3021 963 3072 τῳ

163 3072 270 3148 οὕνομα
290 3082 371 3155 ἐτέθη
389 3083 504 3151 Βάττος,
521 3082 558 3144 ὥς
573 3083 693 3158 Θηραῖοί
706 3107 737 3143 τε
756 3082 802 3141 καὶ
815 3085 961 3158 Κυρηναῖοι

162 3158 291 3233 λέγουσι·
313 3164 349 3227 ὦς
367 3170 463 3242 μέντοι
481 3168 535 3248 ἐγά
552 3168 646 3237 δοκέω,
666 3168 741 3229 ἀλλο
757 3194 794 3239 τι,
814 3168 921 3232 Βάττος
936 3168 961 3227 δέ

138 3296 142 3301 ,
163 3246 370 3323 μετωνομάσθη
384 3255 446 3311 ἐπεί
455 3278 487 3312 τε
500 3258 528 3317 ἐς
541 3253 654 3329 Λιβύην
666 3254 790 3324 ἀπίκετο,
805 3254 864 3314 ἀπό
875 3258 960 3315 τετοῦ
