2150 3500
160 98 208 145 τοι
462 91 646 146 Ἡνοκοτοι·
898 95 969 161 [ιν.

159 176 278 235 παύουσι
289 175 354 240 τούς
366 173 401 235 ἂν
413 175 496 238 αύτδς
509 174 525 235 ό
542 173 684 251 βασιλεύς
696 174 825 256 κελεύσῃ,
839 174 970 258 ἄργυρό-

160 289 237 338 νητοι
258 263 287 322 δὲ
306 262 355 322 ούκ
374 264 432 322 εἰσί
447 269 503 338 σφι
521 261 710 342 θεράποντες)
733 263 837 323 τούτων
855 263 895 324 ὧν
912 269 971 325 τῶν

161 350 292 425 διηκόνων
312 351 395 410 ε’πεοὶν
412 350 587 419 ἀποπνίξωσι
603 349 782 426 πεντήκοντα,
799 351 845 410 καὶ
864 351 970 416 ἵππους

159 438 224 500 τούς
246 438 482 501 καλλιστεύοντας
504 437 685 513 πεντήκοντα,
707 437 852 520 ἐξελόντες
876 439 969 500 ον’τῶν

159 524 211 601 τήν
229 526 337 601 κοιλίην
350 527 396 584 καὶ
415 525 592 604 καθήραντες,
606 529 765 601 ἐμπιπλᾶσι
781 525 902 605 α’χύρων,
919 529 968 586 καὶ

160 612 365 690 συρράπτουσι·
386 612 486 692 άψῖδος
506 612 536 672 δὲ
556 612 645 689 ἥμισυ
666 613 711 671 ε’πὶ
731 611 780 672 δύο
802 614 876 683 ξύλα
896 614 968 690 στή-

160 727 260 764 σαντες
278 698 384 774 ὕπτιον,
400 702 446 759 καὶ
463 702 496 760 τά
516 701 610 776 ἕτερον
624 699 714 776 ἥμισυ
731 705 782 776 τῆς
799 701 903 778 α’ψῖδος
922 702 967 761 ἐπ’

160 788 240 866 ἔτερα
247 787 306 858 δύο,
315 789 522 864 καταπήξαντες
531 787 626 867 τρόπῳ
635 789 750 867 τοιούτῳ
760 789 862 848 πολλά
868 793 967 860 ταῦτα,

107 944 110 951 γ
161 877 254 935 ἔπειτα
274 880 329 937 τῶν
350 876 440 936 ἵππων
461 874 532 936 κατὰ
551 876 588 936 τά
607 875 698 953 μήκεα
714 875 787 945 ξύλα
803 878 900 956 παχέα
912 878 968 938 διε·

159 962 299 1028 λύσαντες
311 965 395 1042 μέχρι
408 968 462 1024 τῶν
475 963 633 1042 τραχήλων,
643 962 855 1040 α’ναβιβάζουσι
866 965 968 1031 αύτούς

161 1052 207 1112 ε’πὶ
219 1051 269 1115 τάς
282 1051 392 1129 ἀψῖδας·
413 1056 467 1112 τῶν
481 1053 518 1121 δὲ,
534 1055 563 1110 αἱ
575 1053 628 1127 μὲν
641 1051 775 1128 πρότεραι
788 1051 888 1131 α’ψῖδες
900 1053 968 1114 ύπέ-

159 1166 245 1220 χουσι
257 1139 323 1203 τούς
336 1138 426 1216 ὤμους
437 1144 492 1200 τιῖν
506 1141 605 1212 ἵππων,
615 1142 644 1198 αἱ
657 1139 687 1197 δὲ
700 1137 803 1201 ὄπισθε
812 1141 892 1218 παρά
902 1142 968 1206 τούς

160 1228 267 1306 μηρούς
289 1229 339 1292 τάς
363 1229 504 1310 γαστέρας
525 1227 775 1304 ὖπολαμβάνουσι·
803 1230 911 1288 σκέλεα
936 1230 968 1290 δὲ

161 1316 310 1395 ἀμφότερα
330 1318 535 1394 κατακρέμαται
554 1317 688 1393 μετέωρα·
711 1316 846 1395 χαλινούς
865 1317 897 1376 δὲ
918 1318 967 1378 καὶ

161 1406 268 1484 στόμια
283 1406 457 1483 ἐμβαλόντες
473 1411 501 1468 ές
517 1403 583 1468 τούς
600 1403 708 1472 ἵππους,
723 1406 918 1466 κατατείνουσι
938 1411 968 1470 ἐς

160 1493 193 1553 τό
211 1493 337 1572 πρόσθεν
355 1494 452 1563 αὐτῶν,
466 1479 513 1552 κάὶ
531 1493 626 1552 ἔπειτα
642 1497 673 1552 ἐκ
684 1491 845 1552 πασσάλων
857 1493 966 1558 δέουσι.

159 1585 215 1641 τῶν
228 1583 257 1639 δὲ
270 1581 304 1658 δή
316 1583 467 1658 νεηνίσκων
478 1584 533 1641 τῶν
543 1579 792 1660 ἀποπεπνιγμένων
799 1585 855 1640 τῶν
865 1581 967 1658 πεντή-

161 1694 245 1728 κοντα
257 1669 305 1727 ἕνα
318 1695 437 1730 εκαστον
450 1667 661 1749 ἀναβιβάζουσι
675 1667 721 1726 ἐπὶ
735 1667 786 1728 τόν
803 1667 897 1742 ἵππον,
912 1667 967 1730 ὦδε

161 1756 307 1833 οἶναβιβάζ
307 1781 392 1820 οντες·
427 1757 510 1818 ἐπεαν
536 1760 635 1835 νεκροῦ
662 1755 782 1817 ἑκάστου
807 1781 887 1834 παρα
912 1758 966 1834 τήν

161 1842 283 1904 ἄκανθαν
293 1844 378 1914 ξύλον
389 1844 474 1922 ύρθὸν
483 1844 638 1905 διελάσωσι
651 1846 735 1923 μέχρι
744 1846 796 1904 τοῦ
807 1845 965 1923 τραχήλου,

164 1932 284 1994 κάτωθεν
300 1933 330 1991 δὲ
347 1932 476 2012 ύπερέχει
492 1938 544 1993 τοῦ
561 1932 647 2003 ξύλου
659 1931 758 1992 τούτου
771 1930 804 1991 τό
819 1936 847 1995 ἒς
858 1933 967 2011 τόρμον

161 2020 320 2103 πηγνύουσι
332 2024 382 2081 τοῦ
397 2023 490 2098 ἑτέρου
503 2020 590 2090 ξύλου
602 2023 653 2080 τοῦ
665 2018 710 2079 διαὶ
723 2022 773 2078 τοῦ
787 2020 889 2091 ἵππου·
905 2027 965 2082 ε’πι·

162 2110 319 2186 στήσαντες
344 2109 374 2169 δὲ
400 2108 492 2188 κύκλῳ
516 2108 552 2169 vo*
578 2112 660 2186 σῆμα
686 2107 786 2171 ἱππέας
811 2106 964 2185 τοιούτους,

162 2198 359 2259 ἀπελαύνουσι.

108 2287 152 2345 ’73
203 2285 283 2346 Ούτω
292 2289 344 2364 μὲν
353 2284 418 2349 τούς
426 2286 573 2361 βασιλῆας
583 2282 733 2344 θάπτουσι·
745 2281 811 2346 τούς
820 2282 849 2343 δὲ
857 2281 966 2348 ἄλλους

162 2373 278 2446 Σκύθας,
294 2372 377 2433 ε’πεοῖν
394 2372 565 2445 ἀποθάνωσι,
583 2371 750 2452 περιάγουσι
768 2373 795 2430 οἱ
815 2369 964 2451 ἀγχοτάτω

161 2460 351 2536 προσήκοντες
361 2460 432 2519 κατά
442 2460 507 2523 τούς
520 2460 622 2537 φίλους
633 2465 662 2520 έν
674 2457 802 2537 ἁμάξῃσι
812 2461 964 2534 κειμένους·

159 2551 214 2606 τῶν
226 2547 255 2605 δὲ
269 2547 387 2609 ἕκαστος
397 2546 600 2624 ὖποδεκόμενος
610 2546 740 2657 εύωχέει
728 2545 793 2609 τούς
802 2548 962 2623 ἑπομένους,

161 2635 208 2695 καὶ
216 2640 255 2695 τῶ
241 2638 349 2715 νεκρῷ
358 2634 468 2696 πάντων
477 2634 673 2714 παρατλθεῖ
634 2661 689 2695 των
697 2636 742 2694 καὶ
749 2638 826 2694 τοῖσι
834 2632 964 2695 ἅλλοισι

121 2744 126 2751 ’
160 2722 265 2830 η’μέρας
275 2724 305 2783 δὲ
316 2723 525 2800 τεσσεράκοντα
539 2722 609 2783 οὕτω
622 2749 650 2781 οι
640 2722 763 2782 ’ῖδιωται
773 2721 963 2802 περιάγονται,

163 2812 258 2869 ἔπειτα
275 2812 436 2871 θάπτονται·
458 2811 596 2888 θάψαντες
610 2811 639 2869 δὲ
656 2836 682 2869 οι
674 2809 802 2875 Σκύθαι
816 2811 964 2923 καθαιρου-

160 2920 207 2953 ται
221 2897 315 2975 τρόπω
332 2898 437 2975 τοιιρδε·
458 2897 638 2975 σμησάμενοι
653 2923 703 2960 τας
717 2897 845 2973 κεφαλάς
858 2898 906 2956 καὶ
920 2903 964 2959 ε’κ·

159 2983 338 3057 πλυνάμενοι,
352 3010 464 3071 ποιευσι
477 2985 542 3060 περὶ
555 2984 588 3044 τό
602 2988 687 3061 σῶμα
699 2984 802 3044 τάδε’
789 3010 873 3043 επεαν
890 2984 964 3054 ξύλα

158 3065 290 3138 στήσωσι
317 3070 382 3143 τρία
404 3074 432 3132 ἐς
458 3070 574 3176 ἄλληλα
601 3072 759 3146 κεκλιμένα,
781 3070 846 3147 περὶ
872 3076 964 3131 ταῦτα

157 3149 300 3211 πέλοντ’
276 3154 405 3227 ειρινέους
422 3157 618 3231 περιτείνουσι·
639 3155 858 3234 συμφράξαντες
877 3158 949 3217 δε
926 3184 964 3221 ως

155 3230 290 3304 μάλιστα,
305 3239 432 3299 λίθους’
419 3266 449 3296 εκ
465 3266 553 3315 πυρος
568 3242 720 3315 διαφανέας
733 3244 949 3319 ἔσβάλλουσι’
934 3270 964 3308 ες
