2150 3500
150 135 182 182 ιι
459 131 642 181 Ἧνοιουοτ
914 129 953 196 [n

149 211 239 282 ζοντα,
249 215 349 273 τοῦτον
359 211 429 274 ὅκως
437 211 661 296 μεταπέμψαιτο,
671 208 731 272 κατ’
741 208 822 287 άξίην
833 209 955 270 ἑκάστων

150 298 319 376 ἀδικήματος
334 299 459 359 ἐδικαίευ·
475 300 524 358 καί
534 303 563 358 οἶ
576 298 755 359 κατάσκοποί
764 323 797 357 τε
809 297 856 357 καὶ
869 296 954 374 κατή·

150 413 210 446 κοοι
223 387 298 463 ἦσαν
310 385 364 447 όνοὶ
376 391 473 448 πᾶσαν
485 386 537 463 τήν
550 386 645 466 χάρην
656 391 708 464 τῆς
719 385 798 465 ἦρχε.

106 477 159 534 101
192 473 314 552 Δηϊόκης
333 475 386 553 μέν
406 500 455 536 νυν
473 475 508 535 τό
530 473 658 550 Μηδικόν
679 475 756 538 ἔθνος
779 473 955 553 συνέστρεψε

150 566 261 640 μοῦνον,
283 563 329 622 καὶ
348 562 448 624 τούτου
470 561 548 639 ἦρξε.
589 563 651 623 ἔστι
672 561 703 621 δὲ
725 561 831 638 Μήδων
849 561 954 621 τοσάδε

114 665 119 670 “
150 652 241 730 γένεα·
255 651 373 722 Βουσαὶ,
381 643 589 729 Παρητακηνοὶ,
598 649 779 728 Στρούχατες,
787 647 953 726 Ἀριζαντοὶ,

151 738 271 818 Βούδιοι,
285 738 390 820 Μάγοι
431 739 514 820 γένεα
526 739 579 816 μὲν
595 737 630 814 δή
644 738 750 814 Μήδων
765 738 828 797 ἐστὶ
839 737 953 797 τοσάδε.

105 827 162 884 102
173 826 297 902 Δηῖόκεω
314 827 344 886 δὲ
356 830 423 890 παῖς
433 827 541 908 γίνεται
555 824 708 903 Φραόρτης,
722 825 754 889 ὃς
769 824 954 901 τελευτήσαν·

150 939 199 976 τος
206 913 331 989 Δηῖόκεω
340 913 569 989 βασιλεύσαντος
576 914 642 992 τρία
649 913 695 973 καὶ
704 914 875 989 πεντήκοντα
883 914 954 984 ἔτεα,

151 1001 321 1078 παρεδέξατο
337 1000 389 1078 τήν
407 1001 506 1082 ἀρχήν·
527 1001 750 1081 παραδεξάμενος
764 1001 802 1072 δέ,
821 1000 873 1062 οόκ
887 1000 955 1062 οἷπε-

150 1089 249 1169 χρέετο
269 1087 378 1166 μούνων
399 1089 495 1169 ἄρχειν
514 1094 571 1151 τῶν
590 1090 704 1166 Μήδων·
728 1089 807 1149 ἀλλά
822 1114 954 1166 στρατευ-

152 1203 274 1254 σαμενος
286 1178 333 1238 ε’πὶ
344 1178 409 1243 τούς
423 1178 547 1257 Πέρσας,
560 1177 700 1257 πρώτοισί
709 1203 742 1238 τε
754 1176 881 1238 τούτοισι
893 1183 954 1238 ε’πε-

153 1265 257 1342 θήκατο
270 1266 318 1327 καὶ
335 1267 461 1346 πρώτους
476 1267 582 1342 Μήδων
593 1265 733 1343 ὑπηκόους
745 1266 870 1341 ἐποίησε·
882 1264 955 1343 μετά

151 1353 190 1426 δὲ,
212 1355 282 1435 έχων
309 1355 357 1416 δύο
380 1360 469 1416 ταῦτα
494 1356 574 1416 ἔθνεα
600 1355 647 1414 καὶ
671 1353 820 1432 ἀμφότερα
842 1353 955 1434 ἰσχυρὰ,

153 1444 359 1521 κατεστρέφετο
377 1443 430 1520 τήν
449 1443 550 1520 Ἀσίην
570 1442 617 1502 ἀπ’
637 1441 730 1502 ἄλλου
749 1441 791 1502 ἐπ’
812 1441 887 1502 όλλο
907 1441 957 1503 ίοδν

155 1531 240 1595 έθνος·
261 1536 290 1594 ἐς
302 1529 319 1590 6
332 1529 575 1608 στρατευσόμενος
587 1530 634 1590 ε’πὶ
645 1528 712 1593 τούς
722 1529 900 1607 Ἀσσυρίους,
909 1531 956 1590 καὶ

151 1616 311 1696 Ἀσσυρίων
326 1618 441 1682 τούτους
457 1619 484 1679 οἳ
499 1622 589 1679 Νῖνον
603 1619 681 1699 εἶχον
693 1618 739 1678 καὶ
753 1617 844 1698 ἦρχον
857 1618 956 1695 πρότε-

152 1731 203 1785 ρον
216 1707 332 1779 πάντων,
346 1706 410 1769 τότε
423 1707 454 1769 δὲ
466 1706 541 1785 ἦσαν
555 1707 763 1787 μεμουνωμένοι
777 1709 830 1783 μὲν
843 1705 955 1785 συμμό·

153 1821 211 1874 χων
223 1794 272 1855 ἅτε
282 1794 463 1857 ἀπεστεώτων
472 1795 568 1861 ἄλλως
575 1797 672 1874 μέντοι
681 1799 786 1856 ἑωυτῶν
795 1794 955 1871 εὗῆκοντες,

154 1885 200 1943 ἐπὶ
212 1882 327 1949 τούτους
340 1884 374 1961 δὴ
384 1884 626 1962 στρατευσόμενος
638 1883 656 1943 6
667 1883 819 1962 Φραόρτης,
830 1882 913 1948 αὐτός
923 1908 957 1944 τε

154 1971 291 2049 διεφθάρη
311 1971 396 2051 ἄρξας
415 1971 465 2033 δύο
485 1973 531 2033 καὶ
552 1972 642 2033 εἴκοσι
658 1971 720 2031 έτεα
738 1971 785 2031 καὶ
801 1970 818 2032 6
834 1970 958 2050 στρατός

77 2116 81 2124 ,
138 2058 238 2137 ,αὐτοῦ
252 2060 268 2121 6
281 2060 402 2127 πολλός.
735 2124 739 2127 .

108 2150 164 2208 103
194 2148 340 2227 Φραόρτεω
356 2150 386 2210 δὲ
400 2150 620 2227 τελευτήσαντος
643 2148 786 2222 ἐξεδέξατο
807 2148 957 2228 Κυαξάρης

153 2237 170 2298 6
185 2238 332 2316 Φραόρτεω
348 2242 400 2299 τοῦ
414 2238 539 2315 Δηϊόκεω
551 2243 626 2303 παῖς.
668 2235 749 2303 οὗτος
761 2238 874 2320 λέγεται
885 2242 957 2298 πολ-

153 2325 206 2387 λόν
227 2327 266 2386 ἔτι
289 2327 421 2408 γενέσθαι
442 2325 631 2404 α’λκιμιότερος
654 2330 711 2387 τῶν
729 2324 884 2408 προγόνων·
910 2327 958 2386 καὶ

154 2414 263 2490 πρῶτός
274 2440 306 2474 τε
319 2415 435 2493 ἐλόχισε
447 2415 518 2474 κατοὶ
530 2414 615 2475 τέλεα
625 2414 693 2480 τούς
704 2419 735 2476 έν
746 2418 783 2494 τῇ
801 2413 895 2493 Ἀσίη,
910 2414 958 2474 καὶ

153 2504 261 2576 πρῶτος
281 2500 388 2570 διέταξε
400 2501 485 2580 χωρὶς
498 2501 633 2567 ἑκάστους
646 2503 723 2574 εἶναι,
736 2502 803 2566 τούς
813 2528 845 2563 τε
858 2507 958 2581 αἰχμο-

156 2588 260 2665 φόρους
280 2589 326 2648 καὶ
345 2588 410 2653 τοῦς
429 2589 604 2669 τοξοφόρους
624 2592 670 2651 καὶ
689 2591 754 2657 τούς
771 2592 880 2655 ἱππέας·
900 2591 957 2669 πρό

154 2680 204 2735 τοῦ
218 2675 248 2734 δὲ
261 2673 364 2754 ἀναμὶξ
374 2675 411 2753 ἦν
423 2676 516 2737 πάντα
528 2678 630 2755 ὁμοίοις
642 2677 869 2756 ἀναπεφυρμένα.
899 2676 958 2758 (06-

155 2789 203 2828 τος
223 2762 239 2824 6
261 2768 339 2825 τοῖσι
359 2765 482 2826 Λυδοῖσί
501 2770 564 2826 ε’στι
583 2764 780 2846 μαχεσάμενος
800 2766 847 2826 ὅτε
866 2764 918 2835 νδξ
937 2764 958 2843 ἦ

155 2851 246 2931 ήμέρη
267 2851 375 2935 ἐγένετό
392 2860 450 2930 σφι
470 2855 667 2933 μαχομένοισι,
685 2855 732 2914 καὶ
749 2853 766 2913 6
785 2852 840 2930 τήν
851 2852 959 2918 Ἀλυος

155 2945 284 3019 ποταμοῦ
297 2939 351 3001 ἅνω
362 2940 464 3017 Ἀσίην
472 2946 571 3003 πᾶσαν
582 2940 731 3019 συστήσας
744 2942 855 3022 ἑωυτῷ.)
887 2945 958 3001 συλ·

157 3028 241 3098 λέξας
254 3029 283 3087 δὲ
299 3028 364 3092 τούς
376 3028 422 3088 ὕπ’
439 3032 528 3109 ἑωυτῷ
544 3028 715 3109 ἀρχομένους
730 3029 844 3099 πάντας,
859 3033 958 3107 ἔστρο·

156 3115 250 3177 τεύετο
264 3117 311 3175 ἐπὶ
323 3116 374 3193 τήν
387 3118 483 3187 Νῖνον,
497 3118 637 3194 τιμωρέων
647 3141 679 3176 τε
691 3121 730 3195 τῷ
740 3117 827 3194 πατρὶ
844 3117 891 3175 καὶ
904 3115 960 3191 τήν

155 3202 242 3263 πόλιν
260 3203 364 3280 ταύτην
384 3204 473 3264 θέλων
493 3205 608 3273 ἐξελεῖν·
628 3204 678 3263 καί
692 3207 727 3274 οῖ,
742 3203 778 3267 ὥς
797 3201 960 3280 συμβολιδν

157 3287 270 3365 ε’νίκησε
287 3290 353 3354 τούς
372 3288 550 3369 Ἀσσυρίους,
570 3291 777 3369 περικατημένῳ
795 3289 849 3366 τήν
868 3294 960 3351 Νῖνον
