2150 3500
132 117 218 182 2-6]
502 121 614 170 κκσιο.
927 127 943 173 ο

129 195 206 260 τοῦς
223 201 254 257 ἐκ
273 201 324 273 τῆς
338 197 446 274 Ἀσίης,
462 199 580 280 λέγουσι
601 200 714 277 Πέρσαι
731 199 942 278 ἁρπαζομενέων

129 287 195 342 τῶν
214 288 350 364 γυναικῶν
370 286 458 367 λόγον
478 285 576 347 οὐδένα
595 286 783 362 ποιήσασθαι·
799 289 943 365 Ἓλληνας

132 369 168 428 δὲ
192 371 412 449 Λακεδαιμονίης
440 373 540 434 εἵνεκεν
562 374 693 454 γυναικός
719 374 826 435 στόλον
851 377 941 458 μέγαν

133 461 311 538 συναγεῖραι,
330 460 376 517 καὶ
395 461 489 520 ἔπειτα
507 461 640 524 ἐλθόντας
657 466 685 524 ἔς
701 460 754 537 τήν
771 459 873 538 Ἀσίην
889 465 942 540 τήν

133 545 273 620 Πριάμου
293 544 408 622 δύναμιν
429 551 563 607 κατελεῖν.
605 545 662 607 ἆπῦ
682 547 782 608 τοῦτου
801 551 854 609 αἰεὶ
872 550 940 632 ήγή-

134 633 251 691 σασθαι
269 631 303 692 τό
319 631 488 710 Ἑλληνικόν
503 636 593 711 σφίσι
613 635 683 694 εἶναι
702 637 848 712 πολέμιον.
888 639 941 714 τήν

133 719 195 800 γὰρ
208 717 310 794 Ἀσίην
326 720 372 779 καὶ
388 721 425 781 τοὶ
441 723 595 796 ἐνοικέοντα
614 722 693 782 ἔθνεα
709 720 848 799 βάρβαρα
861 729 940 787 οἴκει-

136 810 233 866 εῦνται
247 809 274 867 οἱ
288 808 407 884 Πέρσαι,
417 809 470 885 τήν
480 808 509 868 δὲ
521 808 658 886 Εῦριόπην
667 809 714 868 καὶ
725 808 760 870 τῦ
774 808 941 888 Ἑλληνικόν
1002 851 1009 858 ·

134 891 259 974 ἥγηνται
271 895 449 973 κεχωρίσθαι.

182 979 263 1040 Οὕτω
282 984 334 1057 μὲν
353 983 470 1063 λέγουσι
489 983 630 1064 γενέσθαι,
647 983 693 1042 καὶ
713 982 759 1044 διδ
777 984 830 1060 τήν
848 983 968 1045 Ἰλίουῦ

117 1065 249 1127 ’ἅλωσιν
273 1068 434 1145 εῦρίσκουσι
458 1069 548 1145 σφίσι
571 1074 675 1130 έοῦσαν
697 1069 750 1145 τήν
775 1068 867 1149 οῖρχήν
889 1077 941 1148 τῆς

138 1154 242 1234 ἔχθρης
253 1158 304 1231 τῆς
318 1161 345 1218 ε’ς
356 1154 583 1233 τοῦςἜλληνας.
624 1157 687 1233 περὶ
701 1157 731 1215 δὲ
743 1161 793 1234 τῆς
806 1157 877 1222 Ἰοῦς
890 1159 940 1218 οῦκ

138 1239 329 1322 ὁμολογέουσι
338 1243 471 1322 Πέρσησι
480 1243 690 1306 οὕτωΦοίνικες.
718 1243 818 1325 οῦγοὶρ
826 1245 943 1327 ἁρπαγῇ

139 1328 233 1403 σφέας
245 1331 439 1408 χρησαμένους
452 1330 570 1411 λέγουσι
586 1329 701 1411 ἀγαγεῖν
715 1329 802 1406 αὐτήν
816 1336 844 1394 ἔς
855 1335 939 1412 Αἴγυ-

139 1440 219 1486 πτον,
235 1415 352 1480 αλλ’-ὦς
372 1421 402 1478 έν
418 1422 458 1496 τῷ
471 1417 571 1498 Ἀργεϊ
588 1417 778 1500 ε’μίσγετοτῷ
794 1418 939 1498 ναυκλήρῳ

139 1506 192 1579 τῆς
210 1502 278 1567 νεός·
300 1505 359 1563 ε’πεὶ
379 1504 409 1564 δὲ
433 1505 533 1582 ἔμαθεν
556 1506 653 1586 ἔγκυος
677 1508 771 1574 εὀῦσα,
792 1505 936 1582 αἰδεομένη

139 1589 206 1652 τοῦς
221 1591 318 1654 τοκέας
336 1590 406 1651 οὕτω
423 1591 457 1668 δή
477 1591 626 1668 ἐθελοντήν
641 1591 728 1667 αῦτήν
742 1596 819 1652 τοῖσι
831 1593 937 1662 Φοίνιξι

140 1681 347 1749 συνεκπλῶσαι,
362 1678 397 1742 ὦς
413 1676 448 1739 ἂν
462 1678 502 1756 μή
516 1678 673 1756 κατάδηλος
687 1679 810 1761 γένηται.
849 1685 938 1740 ταῦτα
1019 1721 1024 1732 ·

140 1766 193 1841 μέν
202 1790 250 1825 νυν
260 1768 372 1843 Πέρσαι
384 1792 415 1826 τε
426 1767 471 1826 καὶ
485 1766 610 1831 Φοίνικες
622 1767 749 1848 λέγουσι·
766 1766 820 1847 ἐγώ
834 1766 863 1826 δὲ
873 1769 937 1845 περὶ

140 1854 192 1928 μὲν
200 1851 306 1914 τούτων
315 1853 365 1913 οῦκ
379 1855 495 1933 ἔρχομαι
509 1854 590 1931 ε’ρέων
601 1853 636 1917 ὦς
650 1852 734 1917 οὕτως
746 1851 765 1929 ἦ
779 1852 872 1924 σ”λλως
886 1879 938 1919 κως

141 1943 228 1999 ταῦτα
241 1941 358 2020 ἐγένετο·
375 1941 425 2001 τῦν
439 1942 468 2000 δὲ
482 1940 545 2001 οἶδα
558 1940 642 2006 αῦτῦς
654 1944 764 2019 πριῦτον
776 1940 937 2018 ῦπόρξαντα

142 2024 240 2087 α’δίκων
253 2029 339 2108 ἔργων
352 2032 380 2093 ἐς
388 2027 453 2092 τοῦς
461 2028 604 2105 Ἕλληνας
613 2032 713 2090 τοῦτον
725 2026 860 2106 σημήνας,
869 2054 938 2106 προ-

141 2113 271 2192 βήσομαι
289 2121 316 2178 ἒς
334 2114 368 2176 τδ
383 2115 482 2194 πρόσω
499 2120 549 2175 τοῦ
566 2115 655 2197 λόγου
673 2113 774 2191 ὁμοίως
790 2114 877 2191 μικροὶ
891 2116 938 2175 καὶ

142 2201 252 2283 μεγάλα
265 2201 353 2263 ἄστεα
366 2202 518 2280 ἀνθρώπων
530 2201 653 2272 έπεξιιόν.
683 2198 720 2261 τῦ
731 2200 787 2282 γὰρ
800 2200 834 2260 τῦ
848 2199 938 2260 πάλαι

142 2288 252 2369 μεγάλα
268 2288 312 2365 ἦν,
327 2289 364 2351 τῦ
380 2289 478 2350 πολλοὶ
496 2288 586 2349 αὐτῶν
602 2288 710 2365 σμικρὰ
725 2289 833 2369 γέγονε·
853 2287 890 2347 τοὶ
907 2288 938 2347 δὲ

144 2375 183 2435 ἐπ’
194 2381 257 2453 ἔμἐῦ
270 2376 305 2453 ἦν
312 2377 432 2458 μεγάλα,
443 2375 580 2455 πρότερον
591 2374 627 2452 ἦν
640 2373 755 2453 σμικρά·
772 2374 825 2451 τήν
834 2374 937 2452 α’νθρω-

143 2463 224 2540 πηίην
238 2462 274 2525 ῦν
287 2462 469 2542 ἐπιστάμενος
483 2462 657 2540 εὐδαιμονίην
673 2461 780 2540 οὐδαμοὶ
799 2467 829 2522 ἐν
844 2460 938 2541 τῶιπῷ

132 2551 288 2627 μένουσαν,
301 2550 491 2628 ἐπιμνήσομαι
504 2549 670 2628 ἀμφοτέρων
683 2550 793 2628 ὁμοίως.

182 2642 306 2715 Κροῖσος
321 2637 356 2714 ἦν
371 2637 461 2701 Λυδὰς
477 2639 530 2715 μὲν
547 2640 626 2720 γένος
642 2642 709 2701 παῖς
726 2638 756 2697 δὲ
768 2636 933 2707 Ἃλυόττεω,
949 2635 967 2694 6

144 2723 269 2801 τύραννος
289 2725 319 2785 δὲ
338 2726 437 2785 ἐθνέων
456 2727 511 2784 τιῦν
531 2724 608 2789 ε’ντῦς
621 2724 728 2788 Ἀλυος
747 2727 885 2799 ποταμοῦ·
905 2722 936 2785 ῦς

133 2880 136 2885 ,
144 2813 207 2890 ῥέων
222 2812 287 2873 οἷπδ,
293 2812 475 2889 μεσαμβρίης
489 2811 594 2889 μεταξῦ
611 2811 705 2889 Σόρων
718 2813 764 2871 καὶ
777 2808 936 2890 Παφλαγό-

145 2924 201 2971 νων,
214 2900 280 2969 ἐξίει
291 2900 362 2977 πρδς
373 2901 466 2975 βορῆν
479 2898 581 2975 ἄνεμον
594 2903 622 2963 ές
633 2898 683 2960 τόν
694 2898 826 2969 Εὔξεινον
839 2893 935 2955 καλεό-

145 3012 223 3065 μενον
242 2986 354 3047 πόντον·
376 2983 456 3048 οῦτος
473 2984 489 3047 ό
509 2990 634 3063 Κροῖσος
653 2985 810 3062 βαρβάρων
827 2986 936 3058 πριῦτος

145 3078 194 3135 τῦν
205 3074 285 3151 ἡμεῖς
297 3073 376 3150 ἴδμεν
388 3071 453 3136 τοῦς
465 3074 517 3148 μὲν
531 3072 739 3149 κατεστρέψατο
750 3068 896 3145 Ἑλλήνων
909 3074 936 3133 ἐς

146 3160 229 3239 φόρου
249 3158 409 3241 ἀπαγωγήν,
427 3158 492 3221 τοῦς
512 3158 550 3227 δὲ,
572 3157 674 3233 φίλους
693 3154 933 3233 προσεποιήσατο.

145 3247 359 3329 (κατεστρέψατο
366 3249 417 3324 μὲν
425 3242 522 3307 Ἴωνός
529 3268 560 3304 τε
571 3244 617 3301 καὶ
624 3243 752 3333 Αἰολέας,
760 3244 806 3301 καὶ
814 3243 936 3318 Δωριέας

286 3352 305 3389 0
