2150 3500
124 105 231 170 69-7'2]
417 107 643 157 ΜΕΛΠΟΜΕΝΗ.
870 113 915 163 307

123 182 260 256 ἀκινάκεα,
282 186 330 245 καὶ
353 184 472 256 ἀίστοῦς,
495 185 542 244 καὶ
563 183 693 266 σάγαριν,
714 184 760 245 καὶ
781 185 916 248 ἀκόντιον·

123 271 206 332 ε’πεάν
220 273 251 332 δὲ
269 277 357 333 ταῦτα
375 273 526 348 ποιήσωσι,
547 272 727 351 κατεύχονται
746 271 851 344 πολλοὶ,
871 274 917 334 καὶ

123 360 216 420 ἔπειτα
234 359 404 421 ἀποπίνουσι
421 359 503 420 αύταί
514 386 546 420 τε
559 364 586 421 οῖ
598 361 631 422 τά
646 359 739 438 ὅρκιον
751 360 916 439 ποιεύμενοι,

123 448 168 506 καὶ
181 452 236 508 τῶν
249 449 388 524 ἑπομένων
402 450 429 508 οῖ
441 450 579 508 πλείστου
593 447 675 518 ἄξιοι.

161 536 258 612 Ταφαὶ
273 536 303 595 δὲ
322 538 378 596 τοῖν
392 536 538 613 βασιλέων
556 541 585 596 ἔν
601 537 732 614 Γέρροισι
750 535 813 606 εἶσὶ,
828 540 856 599 ε’ς
871 534 888 596 ἀ
901 536 917 596 ό
926 535 961 598 71
1007 610 1009 614 v
1067 601 1068 614 γ

122 621 298 699 Βορυσθένης
311 628 373 682 ε’στι
385 623 581 700 προσπλωτός.
623 623 748 692 ἐνθαῦτα,
762 622 844 682 ἐπεάν
861 630 917 702 σφι

121 706 248 786 ἀποθάνῃ
268 709 285 769 ὁ
303 709 451 785 βασιλεῦς,
467 707 577 790 ὄρυγμα
595 715 648 792 γῆς
667 711 741 791 μέγα
760 709 918 787 ὀρύσσουσι

120 795 301 876 τετράγωνον·
322 800 434 874 ἑτοῖμον
452 797 483 856 δὲ
501 800 585 856 τοῦτο
604 797 778 872 ποιήσαντες,
793 797 916 876 ἀναλαμ-

118 882 243 958 βάνουσι
259 883 309 944 τόν
324 883 429 961 νεκρόν,
443 885 703 961 κατακεκηρωμένον
713 887 766 961 μὲν
777 882 811 945 τό
825 889 915 963 σῶμα,

67 1023 71 1028 .
120 969 173 1044 τήν
186 971 215 1029 δὲ
227 972 311 1048 νηδάν
324 970 549 1051 ἀνασχισθεῖσαν
563 973 609 1031 καὶ
621 972 817 1048 καθαρθεῖσαν,
827 974 917 1049 πλέην

121 1059 240 1136 κυπέρου
266 1061 436 1138 κεκομμένου
461 1059 508 1119 καὶ
534 1058 706 1137 θυμιήματος
732 1060 778 1119 καὶ
804 1061 917 1120 σελίνου

120 1146 281 1222 σπέρματος
299 1146 345 1205 καὶ
362 1145 493 1223 ἀννήσου,
510 1147 737 1224 συνερραμμένην
754 1145 853 1218 ὀπίσω,
871 1148 917 1205 καὶ

121 1234 267 1309 κομίζουσι
285 1239 315 1294 ἔν
333 1233 426 1314 ἀμάξῃ
445 1239 472 1298 ἔς
491 1234 567 1294 ἀλλο
586 1235 672 1298 ἔθνος·
693 1233 720 1293 οῖ
735 1234 758 1293 δ’
777 1233 811 1294 ἀν
828 1260 915 1312 παρα-

119 1319 250 1390 δέξωνται
269 1323 438 1398 κομισθέντα
454 1322 505 1383 τάν
519 1322 624 1401 νεκρόν,
637 1325 748 1398 ποιεῦσι
763 1321 799 1382 τά
816 1348 868 1399 περ
890 1326 917 1382 οἱ

118 1408 271 1486 βασιλήῖοι
290 1409 403 1474 Σκύθαι·
427 1413 478 1470 τοῦ
498 1408 567 1473 ἀτάς
586 1408 800 1487 ἀποτάμνονται,
820 1410 917 1488 τρίχας

119 1497 329 1574 περικείρονται,
337 1497 492 1576 βραχίονας
501 1496 722 1574 περιτάμνονται,
732 1497 860 1574 μέτωπον
871 1497 916 1556 καὶ

118 1586 184 1660 ῥῖνα
194 1584 430 1661 καταμύσσονται,
439 1584 484 1644 διά
496 1589 548 1661 τῆς
560 1611 590 1645 τε
601 1585 749 1663 ἀριστερῆς
761 1583 844 1664 χερός
857 1584 916 1645 ἀῖσ-
991 1598 993 1603 “

118 1670 186 1735 τοῦς
203 1671 404 1749 διαβυνέονται·
426 1673 551 1734 ἐνθεῦτεν
567 1672 597 1732 δὲ
616 1673 762 1752 κομίζουσι
778 1678 807 1732 ε’ν
820 1671 915 1752 Ιἀμάξῃ

118 1758 171 1820 τάν
184 1760 263 1821 νέκυν
278 1764 328 1820 τοῦ
343 1761 487 1837 βασιλέος·
498 1766 525 1824 ε’ς
542 1759 616 1821 ἀλλο
630 1763 707 1825 ἔθνος
719 1766 774 1822 τῶν
787 1760 915 1840 ἀρχουσι·

119 1846 161 1927 (οἱ
173 1847 205 1907 δέ
213 1854 269 1924 σφι
282 1848 395 1909 ἕπονται
408 1853 436 1912 ἐς
447 1848 513 1911 τοῦς
524 1849 660 1927 πρότερον
668 1849 779 1929 ἦλθον)
794 1848 877 1910 ε’πεάν
887 1850 917 1907 δὲ

118 1932 225 1999 πάντας
237 1931 407 2014 περιέλθωσι
418 1935 468 1997 τόν
481 1936 561 1997 νέκυν
571 1938 736 2014 κομίζοντες,
745 1941 774 1996 ε’ν
786 1937 918 2014 Γέρροισι

119 2020 229 2101 ἔσχατα
242 2023 470 2100 κατοικημένοισί
481 2026 537 2082 εἶσι
550 2027 604 2083 τοῖν
614 2023 711 2083 ἐθνέων
720 2028 775 2082 τῶν
788 2022 916 2101 ἀρχουσι,

120 2110 168 2168 καὶ
178 2114 206 2169 ε’ν
214 2114 284 2190 τῇσι
292 2115 412 2190 ταφῇσι·
427 2110 473 2170 καὶ
483 2111 585 2180 ἔπειτα,
594 2107 677 2168 ε’πεάν
687 2110 772 2169 θέωσι
779 2107 829 2168 τάν
838 2110 918 2169 νέκυν

119 2202 150 2256 ἐν
162 2200 230 2275 τῇσι
246 2196 351 2277 θήκῃσι
366 2198 413 2257 ε’πῖ
430 2197 576 2274 στιβάδος,
589 2195 800 2274 παραπήξαντες
815 2195 918 2275 αἰχμάς

119 2284 198 2345 ἔνθεν
219 2286 265 2345 καὶ
281 2287 362 2347 ’ἔνθεν
382 2289 432 2344 τοῦ
454 2288 560 2362 νεκροῦ,
575 2283 646 2354 ξύλα
662 2283 854 2361 ὑπερτείνουσι
870 2282 917 2342 καὶ

119 2372 215 2431 ἔπειτα
233 2373 295 2452 ῥιψὶ
315 2372 564 2453 καταστεγάζουσι·
585 2376 615 2432 ἐν
635 2372 664 2431 δὲ
683 2375 719 2451 τῇ
739 2374 827 2449 λοιπῇ
844 2370 917 2447 εὐρυ-

118 2460 208 2538 χωρίῃ
224 2464 275 2536 τῆς
291 2460 384 2537 θήκης,
397 2464 452 2521 τοῖν
468 2460 637 2519 παλλακέων
652 2484 684 2519 τε
700 2458 768 2537 μίαν
785 2458 917 2529 ἀποπνίξ-

119 2572 200 2610 αντες
216 2547 364 2619 θάπτουσι,
378 2548 424 2607 καὶ
440 2546 490 2607 τάν
506 2547 641 2627 οἰνοχόον,
656 2548 701 2607 καὶ
717 2546 859 2628 μάγειρον,
873 2546 919 2605 καὶ

121 2633 287 2712 ἱπποκόμον,
314 2636 360 2695 καὶ
389 2634 524 2711 διήκονον,
552 2636 599 2694 καὶ
628 2633 844 2716 ἀγγελιηφόρον,
872 2634 918 2692 καὶ

121 2720 230 2792 ἵππους,
239 2724 284 2781 καὶ
296 2726 351 2783 τοῖν
363 2721 459 2782 ἀλλων
468 2721 597 2791 ἀπάντων
611 2720 747 2800 ἀπαρχαῖς,
757 2723 802 2781 καὶ
813 2720 919 2797 φιάλας

113 2810 252 2888 χρυσέας·
275 2808 396 2890 (ἀργύρῳ
416 2809 447 2869 δὲ
467 2810 546 2870 οὐδὲν
566 2808 629 2869 οὐδὲ
648 2812 746 2887 χαλκῷ
764 2806 919 2887 χρέωνται)

119 2901 209 2956 ταῦτα
218 2896 247 2955 δὲ
261 2897 435 2973 ποιήσαντες,
444 2901 531 2975 χοῦσι
543 2895 645 2959 πάντες
657 2898 740 2973 χῶμα
747 2896 829 2975 μέγα,
838 2894 919 2970 ἅμιλ-

110 2982 254 3062 χλεοίμενοι
274 2986 320 3043 καὶ
340 2984 561 3061 προθυμεόμενοι
582 2983 617 3046 ἀς
636 2983 772 3063 μέγιστον
791 2985 916 3055 ποιῆσαι.

119 3068 264 3130 Ἐνιαυτοῦ
284 3071 313 3129 δὲ
333 3072 562 3148 περιφερομένου,
577 3071 653 3133 αῦτις
673 3073 784 3128 ποιεῦσι
804 3067 967 3128 τοιόνδε·72
1009 3113 1012 3120 ,

121 3156 261 3233 λαβόντες
277 3161 332 3217 τιῦν
349 3162 456 3216 λοιπῶν
475 3156 651 3233 θεραπόντων
663 3154 728 3218 τοῦς
742 3152 920 3229 ε’πιτηδεωτά·

107 3248 195 3307 ’τους
210 3244 249 3321 (οῖ
262 3243 293 3302 δέ
306 3248 362 3303 εἶσι
372 3242 477 3305 Σκύθαι
490 3244 622 3322 ἐγγενέες·
636 3240 713 3301 οῦτοι
725 3240 780 3322 γάρ
795 3240 828 3315 δή
843 3240 921 3317 θερα·
