2150 3500
130 95 179 144 τοι
437 91 620 142 ἀνοκοτου
869 89 936 154 [ιν.

128 173 237 234 πλοίων
251 175 281 232 αί
300 168 459 247 Ἀμαζόνες,
474 169 642 248 ώδοιπόρεον
659 174 685 232 ἐς
698 169 751 246 τὴν
764 170 945 246 οἰκεομένην·

130 263 297 338 ἐντυχοῦσαι
310 259 339 318 δὲ
352 257 451 336 πρώτῳ
465 259 659 337 ἱπποφορβίῳ,
667 262 753 317 τοῦτο
766 255 940 334 διήρπασαν,

119 351 178 413 ,καὶ
194 349 240 408 ἐπὶ
259 346 363 407 τούτων
377 345 569 422 ἱππαζόμεναι,
584 346 729 422 ἐληίζοντο
741 345 778 406 τά
797 350 855 405 τῶν
869 348 941 409 Σκυ-

17 425 30 440 ’
84 440 139 498 111
153 437 233 497 θέων.
275 438 312 494 Οἱ
332 435 363 494 δὲ
383 434 490 499 Σκύθαι
510 433 560 493 οὐκ
582 434 659 512 εἶχον
679 433 891 510 συμβαλέσθαι
906 435 940 496 τό

130 529 260 606 πρῆγμα·
275 522 338 582 ούτε
351 520 407 604 γάρ
421 520 526 599 φωνην,
535 520 600 582 ούτε
613 523 730 598 ἐσθῆτα,
739 521 803 582 οὔτε
816 521 851 582 τό
862 523 941 586 ἔθνος

130 613 292 693 ἐγίνωσκον,
315 609 381 669 ἄλλ’
403 615 432 671 ἐν
459 609 566 687 θώματι
592 609 668 686 ἦσαν
693 609 793 670 ὁκόθεν
819 610 940 670 ἔλθοιεν·

131 700 241 761 ἐδόκεον
263 697 287 759 δ’
311 697 397 762 αύτάς
419 698 490 759 εἶναι
512 696 614 778 ἄνδρας
636 697 688 773 τήν
711 696 799 773 αὐτὴν
825 696 941 773 ἡλικίην

131 790 254 868 ἔχοντας,
267 787 363 867 μάχην
381 813 414 847 τε
433 785 469 861 δὴ
489 778 560 864 πρὸς
580 785 664 850 αὐτάς
684 789 838 846 ἐποιεῦντο·
860 786 942 846 ἐκδὲ

132 882 184 953 τῆς
204 876 299 956 μάχης
319 879 374 936 τῶν
397 878 500 952 νεκρῶν
521 874 679 952 ἐκράτησαν
701 877 728 934 οἱ
751 872 868 942 Σκύθαι,
893 875 941 934 καὶ

133 965 205 1026 οὕτω
221 967 346 1046 ἔγνωσαν
361 963 463 1026 ἐούσας
480 965 622 1044 γυναῖκας·
642 962 882 1039 βουλευομένοισι
903 961 941 1022 ὧν

132 1052 243 1114 αύτοῖσι
264 1053 339 1122 ἔδοξε
360 1052 474 1112 κτείνειν
493 1053 546 1128 μὲν
566 1050 655 1110 οὐδενὶ
674 1049 769 1129 τρόπῳ
785 1050 826 1110 ἐτι
843 1049 938 1120 abtas,

134 1144 239 1202 ἐωιπών
265 1141 295 1200 δὲ
321 1139 387 1202 τούς
412 1137 564 1202 νεωτάτους
591 1137 760 1216 ἀποπέμψαι
786 1142 815 1201 ἐς
841 1136 939 1210 αύτᾶς,

131 1229 242 1305 πλῆθος
256 1228 421 1290 εἰκάσαντας
433 1226 554 1304 ὅσαιπερ
568 1231 669 1287 ἐκεῖναι
681 1224 765 1302 ἦσαν,
778 1225 896 1289 τούτους
910 1227 939 1286 δὲ

132 1315 406 1394 στρατοπεδεύεσθαι
417 1315 543 1390 πλησίον
556 1315 686 1384 ἐκεινέων,
700 1315 746 1373 καὶ
765 1314 872 1374 ποιέειν
890 1313 940 1374 τά·

131 1431 186 1482 περ
207 1403 242 1466 ἂν
263 1405 309 1465 καὶ
330 1407 430 1465 ἐκεῖναι
442 1403 569 1462 ποιέωσι·
589 1401 625 1478 ἢν
645 1403 675 1462 δὲ
690 1401 789 1465 αύτούς
806 1401 936 1475 διώκωσι,

132 1493 278 1572 μάχεσθαι
291 1495 344 1569 μὲν
356 1492 406 1570 μή,
419 1490 590 1572 ὑποφεύγειν
602 1491 641 1550 δέ·
663 1489 746 1551 ἐπεάν
759 1490 790 1549 δὲ
808 1489 938 1553 παύσων-

132 1605 187 1650 ται,
216 1579 352 1642 ἐλθόντας
377 1578 478 1642 αύτούς
502 1577 937 1656 πλησίονστρατοπεδεύεσθαι.

132 1672 221 1728 ταῦτα
232 1667 441 1743 ἐβουλεύσαντο
452 1670 478 1730 οἳ
489 1666 603 1738 Σκύθαι,
611 1666 784 1743 βουλόμενοι
794 1666 825 1736 ἐξ
834 1665 939 1728 αύτέων

87 1757 255 1820 112παῖδας
268 1756 478 1837 ἐγγενήσεσθαι.
520 1756 768 1833 Ἀποπεμφθέντες
784 1756 814 1815 δὲ
832 1758 861 1815 οἱ
877 1782 939 1833 νεη-

133 1846 234 1915 νίσκοι,
248 1844 357 1905 ἐποίευν
376 1843 413 1905 τά
431 1845 626 1921 ἐντεταλμένα·
649 1844 708 1904 ἐπεὶ
726 1844 756 1903 δὲ
772 1844 877 1921 ἔμαθον
891 1844 938 1903 αύ-

132 1932 200 1997 τούς
212 1936 242 1993 αἱ
260 1931 412 2011 Ἀμαζόνες
429 1929 472 1991 ἐπ’
488 1932 603 2012 οὐδεμιῇ
620 1931 739 2009 δηλήσει
758 1930 937 2012 ἀπιγμένους,

135 2024 185 2084 ἐων
202 2024 319 2103 χαίρειν·
340 2025 536 2102 προσεχώρεον
555 2022 585 2080 δὲ
597 2020 789 2097 πλησιαιτέρω
802 2019 836 2080 τό
851 2046 938 2097 στρα-

135 2112 253 2173 τόπεδον
267 2115 306 2191 τῷ
324 2111 503 2190 στρατοπέδῳ
520 2108 562 2170 ἐπ’
574 2108 665 2187 ἡμέρη
679 2106 794 2185 ἑκάστη·
804 2162 808 2167 .
817 2106 895 2186 εἶχον
909 2108 939 2167 δὲ

135 2199 214 2260 οὐδὲν
228 2197 284 2261 οὐδ’
298 2203 325 2259 οἱ
337 2199 486 2276 νεηνίσκοι,
501 2196 596 2274 ὥσπερ
608 2196 674 2257 οὐδὲ
690 2199 720 2255 αἱ
738 2194 900 2273 Ἀμαζόνες,
916 2200 940 2255 εἶ

135 2288 175 2363 μή
190 2288 226 2347 τὰ
240 2288 317 2348 ὅπλα
330 2288 377 2347 καὶ
389 2286 454 2350 τούς
468 2286 578 2349 ἵππους·
599 2284 677 2347 άλλά
697 2284 765 2359 ζόην
785 2284 868 2355 ἔζωον
885 2281 940 2358 τήν

90 2376 145 2434 113
156 2375 244 2451 αὐτὴν
254 2378 381 2453 ἐκείνῃσι,
391 2374 553 2452 θηρεύοντές
560 2400 592 2433 τε
600 2374 646 2431 καὶ
655 2372 826 2450 ληϊζόμενοι,
843 2370 938 2430 Ἐποί-

135 2488 182 2523 ευν
204 2463 234 2521 δὲ
258 2466 287 2521 αἱ
311 2462 463 2537 Ἀμαζόνες
484 2466 512 2525 ἐς
537 2460 589 2537 τήν
614 2460 800 2537 μεσαμβρίην
819 2458 937 2520 τοιόνδε·

136 2551 259 2631 ἐγίνοντο
278 2549 419 2625 σποράδες
433 2548 505 2608 κατὰ
520 2550 589 2626 μίαν
608 2574 640 2608 τε
653 2548 699 2608 καὶ
712 2546 770 2617 δύο,
784 2544 882 2623 πρόσω
903 2544 939 2621 δὴ

136 2636 184 2697 ἀπ’
193 2636 350 2713 ἀλληλέων,
361 2640 389 2699 ἐς
399 2634 532 2714 εύμαρίην
541 2634 789 2713 ἀποσκιδνάμεναι·
802 2633 939 2712 μαθόντες

136 2726 167 2785 δὲ
180 2726 227 2786 καὶ
240 2728 266 2785 οἱ
280 2723 393 2794 Σκύθαι,
407 2725 516 2784 ἐποίευν
528 2723 617 2784 τώυτό
632 2726 727 2783 τοῦτο·
749 2722 798 2781 καί
813 2748 856 2784 τις
870 2747 938 2798 μου·

135 2814 289 2875 νωθεισέων
300 2812 355 2873 τινὶ
368 2811 471 2872 αύτέων
483 2812 689 2889 ἐνεχρίμπτετο,
704 2812 751 2869 καὶ
770 2809 789 2886 ἦ
809 2808 866 2885 Ἀμ
901 2809 938 2869 ιδν

136 2902 187 2959 οὐκ
195 2902 344 2970 ἀπωθέετο,
353 2899 556 2973 άλλθπεριεῖδε
564 2898 740 2977 χρήσασθαι·
752 2898 798 2957 καὶ
806 2900 938 2973 φωνῆσαι

136 2990 189 3061 μὲν
204 2987 254 3045 ούκ
268 2987 334 3063 εἶχε,
349 2985 382 3045 ού
394 2986 451 3066 γάρ
464 2986 599 3045 συνίεσαν
612 2985 755 3060 άλλήλων,
769 2988 806 3063 τῇ
819 2985 850 3044 δὲ
865 2985 938 3063 χειρὶ

136 3071 240 3146 ἔφραζε
252 3077 280 3135 ἐς
290 3073 343 3147 τήν
354 3072 504 3149 ύστεραίην
517 3073 610 3133 ἐλθεῖν
623 3078 651 3136 ἐς
662 3072 751 3134 τώυτό
766 3072 878 3152 χωρίον,
892 3073 938 3131 καὶ

136 3155 230 3229 ἕτερον
250 3156 340 3235 ἄγειν·
361 3159 541 3234 σημαίνουσα
562 3158 611 3218 δύο
632 3161 773 3241 γενέσθαι,
799 3160 846 3219 καὶ
867 3159 938 3235 αύτῆ

136 3239 232 3309 ἑτέρην
256 3241 341 3305 άξειν·
371 3243 388 3299 ό
411 3244 442 3299 δὲ
465 3246 609 3317 νεηνίσκος
632 3248 692 3306 ἐπεὶ
718 3246 838 3322 α’πῆλθε,
861 3247 938 3315 ἔλεξε
