2150 3500
79 135 199 200 75-77]
409 137 415 147 ·
434 135 546 187 κιυιο.
772 188 775 194 ,
858 137 891 192 ιτ

81 215 117 276 δὲ
137 216 184 276 καὶ
202 216 236 276 ro*
250 217 384 294 παράπαν
397 215 514 298 λέγουσι
534 216 580 275 καί
597 213 631 276 τδ
647 212 767 295 άρχαῖον
779 209 893 294 ῥέεθρον

82 301 325 381 ἀποξηρανθῆναι·
346 301 424 362 ιίλλιί
439 307 522 364 τοῦτο
539 305 592 380 μὲν
607 302 640 363 ού
657 303 819 379 προσίεμαι·
840 308 894 369 κῶς

81 390 145 472 γάρ
159 390 251 451 ὀπίσω
263 390 445 469 πορευόμενοι
459 391 598 467 διέβησαν
611 388 697 450 αύτόν
705 415 714 461 ;

130 481 258 556 Κροῖσος
267 479 305 549 δὲ,
317 479 379 538 ε’πεί
389 503 420 538 τε
434 477 535 554 διαβάς
546 477 601 538 σύν
610 482 648 557 τῷ
658 482 769 558 στρατῷ
778 477 893 539 άπίκετο
901 480 941 542 76

83 570 140 643 τῆς
153 567 357 642 Καππαδοκίης
371 571 399 630 ές
412 565 465 642 τήν
478 565 602 643 Πτερίην
616 567 799 642 καλεομένην·
820 565 850 646 (ἦ
864 565 894 625 δὲ

85 654 199 733 Πτερίη
213 653 276 714 ε’στί
287 657 339 729 τῆς
351 652 443 733 χιύρης
454 652 557 728 ταύτης
568 654 603 714 ro*
617 652 809 733 ἰσχυρότατον,
824 654 895 713 κατὰ

85 740 219 818 Σινώπην
236 741 323 803 πάλιν
339 741 392 817 την
412 746 442 801 έν
459 739 581 820 Εὐξείνῳ
600 740 692 820 πόντῳ
711 740 839 818 μάλιστά
859 767 895 818 κη

85 830 223 909 κειμένη)
238 831 355 891 ἐνθαῦτα
368 828 626 906 ἐστρατοπεδεύετο,
639 830 761 906 φθείρων
773 833 829 889 τῶν
842 831 894 894 Συ-
936 824 940 832 ’

85 917 155 993 ρι’ων
170 916 237 981 τούς
251 917 380 994 κλήρους.
421 917 468 976 καί
484 917 544 976 εἰλε
562 918 616 994 μὲν
628 920 684 977 τῶν
699 917 827 993 Πτερίων
841 916 895 992 την

86 1002 184 1075 πάλιν,
206 1005 253 1063 καὶ
271 1004 505 1082 ἠνδραποδίσατο·
528 1004 587 1066 εἷλε
607 1004 638 1064 δὲ
656 1003 708 1068 τὰς
726 1005 895 1082 περιοικιδας

88 1089 176 1167 αὐτῆς
189 1091 293 1155 πάσας·
313 1091 430 1170 Συρίους
441 1117 473 1152 τε
487 1090 568 1152 οὐδὲν
580 1091 676 1157 ἰόντας
691 1092 795 1156 αἰτίους
807 1091 894 1153 άνασ·

86 1177 189 1244 τάτους
203 1180 328 1256 έποίησε.
359 1185 454 1258 Κύρος
467 1179 498 1240 δὲ
510 1179 623 1262 ἀγείρας
635 1179 686 1240 τᾶν
695 1183 795 1239 ἑωυτοῦ
809 1205 895 1257 στρα·

87 1265 140 1326 τόν
156 1268 203 1326 καὶ
222 1267 399 1344 παραλαβών
412 1267 478 1331 τούς
497 1267 603 1344 μεταξύ
623 1266 763 1330 οἰκέοντας
779 1267 894 1337 πάντας,

88 1353 219 1431 ἠντιοῦτο
239 1356 365 1436 Κροίσῳ·
387 1356 456 1432 πρὶν
475 1355 506 1414 δὲ
527 1353 683 1424 ἐξελαύνειν
700 1353 826 1430 ὁρμῆσαι
845 1354 896 1414 τδν

90 1440 223 1519 στρατὸν,
243 1443 358 1521 πέμψας
378 1442 498 1521 κήρυκας
517 1447 547 1506 ές
565 1441 631 1506 τούς
647 1441 747 1505 Ἴωνας
766 1440 895 1519 ἐπειρᾶτό

89 1535 184 1606 σφεας
196 1529 253 1590 άπό
264 1530 392 1607 Κροίσου
402 1529 602 1607 ἅπιστάμεναι·
617 1527 711 1593 Ἴωνες
722 1531 775 1606 μέν
784 1555 833 1591 νυν
842 1528 893 1590 ούκ

90 1618 245 1679 ἐπείθοντο.
286 1622 381 1694 Κύρος
394 1619 424 1678 δὲ
437 1618 473 1682 ὦς
486 1617 601 1678 ἆπίκετο
614 1618 662 1677 καὶ
674 1617 893 1696 ἀντεστρατοπε-

90 1702 211 1766 δεύσατο
227 1706 352 1786 Κροίσῳ,
370 1707 488 1768 ἐνθαῦτα
504 1711 534 1767 ε’ν
548 1710 585 1785 τῇ
605 1706 713 1787 Πτερίη
729 1706 807 1787 χάρη
823 1710 893 1767 ε’πει-

89 1792 182 1870 ριύατο
192 1794 263 1854 κατοί
271 1794 305 1854 τδ
316 1794 434 1873 ἰσχυρὸν
443 1793 589 1871 ἀλλήλων.
614 1793 709 1874 μάχης
720 1795 751 1854 δὲ
760 1799 894 1874 καρτερῆς

90 1882 241 1962 γενομένης
257 1883 305 1959 καὶ
324 1880 469 1943 πεσόντων
486 1881 655 1960 ἀμφοτέρων
670 1886 795 1953 πολλῶν,
811 1883 895 1947 τέλος

92 1967 230 2047 οὐδέτεροι
241 1969 406 2047 νικήσαντες
418 1970 580 2047 διέστησαν,
594 1969 691 2034 νυκτὸς
704 1968 887 2047 ἐπελθούσης.

133 2059 191 2131 Καὶ
205 2058 241 2119 τοί
261 2061 315 2135 μὲν
334 2058 512 2136 στρατόπεδα
531 2056 681 2136 ἀμφότερα
696 2056 781 2121 οὕτως
794 2056 940 2138 ἦγωνί-ἰί

91 2170 173 2215 σατο,
195 2150 322 2224 Κροῖσος
348 2146 379 2207 δὲ
403 2146 544 2223 μεμφθεὶς
570 2144 641 2206 κατὰ
666 2144 700 2205 τιί
725 2145 837 2220 πλῆθος
857 2145 893 2205 τδ
952 2200 959 2217 ,

92 2236 194 2293 ἕωυτοΰ
207 2234 376 2312 στράτευμα·
397 2234 447 2315 (ἢν
457 2233 513 2316 γάρ
526 2237 555 2293 οἰ
570 2232 587 2293 ὅ
600 2231 759 2310 συμβαλοίν
772 2232 894 2308 στρατὸς

91 2319 203 2383 πολλιίν
217 2320 378 2400 ε’λάσσωνῆ
392 2323 408 2383 ὁ
423 2320 541 2401 Κύρου)
555 2324 639 2383 τοῦτο
651 2318 799 2397 μεμφθεὶς,
810 2318 846 2383 ὥς
857 2324 894 2399 τῇ

91 2409 226 2489 ύστεραίῃ
243 2409 292 2471 ούκ
308 2413 438 2488 ἐπειρᾶτο
453 2407 537 2470 ἰπιοίν
554 2407 572 2469 ὅ
589 2412 691 2485 Κῦρος,
705 2407 849 2485 ἀπήλαυνε
864 2414 893 2472 ές

91 2496 142 2560 τάς
161 2498 269 2575 Σάρδις,
287 2503 317 2559 έν
332 2497 387 2577 νόῳ
406 2498 485 2577 έχων,
500 2497 703 2575 παρακαλέσας
721 2497 773 2573 μὲν
788 2500 894 2578 Αἰγυτ-

91 2585 167 2648 τίους
191 2585 262 2646 κατοὶ
286 2585 320 2647 τδ
347 2585 450 2663 ὅρκιον,
478 2584 644 2666 (ἐποιήσατο
668 2582 726 2664 γιίρ
751 2585 798 2644 καί
823 2585 894 2663 προς

90 2670 213 2749 Ἄμασιν
224 2671 417 2748 βασιλεύοντα
428 2672 572 2755 Αἰγύπτου
584 2673 750 2752 συμμαχίην
758 2669 895 2752 πρότερον

92 2758 163 2837 ἥπερ
178 2760 250 2838 πρὸς
263 2761 520 2841 Λακεδαιμονίους)
533 2760 786 2838 μεταπεμψάμενος
801 2760 832 2819 δὲ
847 2760 894 2819 καί

93 2848 299 2923 Βαβυλωνίους,
312 2849 371 2929 (καί
382 2846 439 2929 γάρ
451 2847 522 2925 πρός
533 2847 649 2911 τούτους
659 2846 734 2927 αύτῷ
746 2847 894 2921 ἐπεποίητο

94 2936 250 3013 συμμαχίη·
265 2935 423 3013 ἐτυράννευε
433 2935 463 2995 δί
471 2939 527 2996 τῶν
533 2934 724 3012 Βαβυλωνίων
733 2933 784 2995 τδν
791 2933 894 3012 χρόνον

93 3026 190 3081 τοῦτον
208 3021 397 3105 Λαβύνητος)
418 3023 589 3104 ἐπαγγείλας
606 3022 638 3082 δὲ
657 3022 704 3081 καί
722 3021 893 3096 Λακεδαιμο·

94 3110 166 3172 νίους
177 3115 305 3187 παρεῖναι
314 3116 342 3174 ές
354 3110 458 3189 χρόνον
470 3110 563 3187 ῥητὸν,
573 3110 678 3171 (ἰλίσας
690 3134 722 3169 τε
734 3106 892 3184 δήτούτους

96 3196 141 3255 καὶ
150 3195 204 3273 τὴν
216 3200 315 3256 ἑωυτοῦ
331 3198 474 3265 συλλέξας
489 3196 631 3273 στρατιήν,
646 3195 759 3255 ἐνένωτο
773 3194 824 3256 τόν
835 3219 892 3276 χει·

95 3287 171 3361 μῶνα
182 3284 280 3361 παρεὶς
292 3281 351 3360 ἅμα
359 3286 399 3361 τῷ
409 3281 458 3359 ἦρι
465 3282 626 3359 στρατεύειν
634 3282 681 3341 ἐπὶ
688 3281 755 3346 τούς
766 3281 892 3359 Πέρσας.
