2150 3500
98 130 139 187 ³1,
154 127 198 191 32]
435 125 600 175 E'I'PEPIIH.
849 128 899 178 123

98 206 217 275 Νείλου,
237 203 274 269 ώς
293 203 382 269 ου’δεὶς
401 202 487 265 αἰτοῦ
510 203 568 287 οἶδε
590 203 641 268 ταὶς
660 203 762 286 πηγός·
785 203 835 265 καὶ·
850 205 901 268 τόν

98 291 253 372 Ἐτέαρχον
263 291 351 368 φόναι
365 292 458 352 ἐλθεῖν
471 318 534 353 κατε
547 291 613 370 παρ’
623 290 708 353 αύτδν
720 297 902 370 Νασαμῶνας

98 380 210 456 ἄνδρας·
224 379 269 460 (τό
283 380 313 438 δέ
327 380 404 442 ἔθνος
415 380 499 440 τοῦτό
510 385 573 440 ἐστι
585 382 636 457 μὲν
646 379 782 457 Λιβυκόν,
791 381 903 457 νέμεται

98 468 130 527 δὲ
143 467 195 543 την
207 467 308 544 Σύρτιν
317 493 349 528 τε
362 468 408 526 καὶ
420 467 472 542 τήν
481 466 553 545 πρός
565 467 606 542 ήῶ
618 466 712 547 χώρην
722 471 772 543 τῆς
787 469 902 546 Σύρτιος

98 555 151 615 ούκ
168 556 214 628 ἐπὶ
229 554 363 635 πολλόν)
384 553 567 631 ἀπικομένους
583 555 613 614 δὲ
630 555 695 618 τούς
714 561 901 634 Νασαμῶνας,

99 644 149 702 καὶ
169 643 383 721 εἶρωτεωμένους
403 644 429 702 εἶ
446 668 475 703 τι
495 643 594 721 ἔχουσι
614 643 703 703 πλέον
726 644 819 724 λέγειν
838 645 903 722 περὶ

96 735 155 791 τῶν
168 729 276 809 ἐρήμων
289 734 340 805 τῆς
349 729 468 806 Λιβύης,
480 729 569 806 φόνοι
580 729 658 808 παραὶ
671 731 759 806 σφίσι
771 733 903 812 γενέσθαι

98 817 207 896 ἀνδρῶν
225 818 383 878 δυναστέων
400 818 502 882 παῖδας
520 817 671 895 ύβριστοῖς·
690 818 756 882 τούς
775 817 853 879 ἄλλα
871 844 903 881 τε

97 907 284 985 μηχανᾶσθαι
302 905 489 983 ἀνδρωθέντας
505 906 640 984 περισσιὶ,
657 907 703 968 καὶ
721 907 755 984 δὴ
772 909 818 967 καὶ
834 907 902 969 (ἰπο-

99 995 356 1071 κληρώσαιπέντε
377 997 483 1054 ε’ωυτοὶν
504 993 660 1072 ὀψομένους
679 994 716 1056 τοὶ
741 1000 831 1074 ἐρῆμα
853 1001 903 1074 τῆς

98 1082 220 1159 Λιβύης,
242 1082 288 1142 καὶ
309 1083 334 1142 εἰ
352 1108 381 1142 τι
400 1083 488 1142 πλέον
508 1083 593 1142 ἰ’δοιεν
610 1085 665 1144 τῶν
684 1083 721 1143 ταὶ
740 1084 903 1162 μακρότατα

100 1171 243 1247 ἰδομένων.
270 1172 332 1251 (τῆς
341 1169 396 1251 γὰρ
407 1169 518 1247 Λιβύης
526 1170 563 1230 τιὶ
575 1171 628 1247 μέν
638 1170 709 1230 καταὶ
717 1170 769 1247 την
781 1173 903 1250 βορηίην

97 1258 261 1329 θάλασσαν,
273 1257 320 1317 ἀπ’
329 1257 473 1338 Αἰγύπτου
486 1257 637 1335 ἀρξόμενοι
649 1259 734 1338 μέχρι
748 1260 902 1324 Σολόεντος
970 1303 974 1310 ·

96 1345 193 1425 ἄκρης,
206 1345 226 1426 ᾗ
238 1347 367 1406 τελευταὶ
382 1349 437 1421 τῆς
449 1345 568 1422 Λιβύης,
582 1346 743 1424 παρήκουσι
758 1348 836 1425 ταριὶ
848 1352 902 1407 ποῖ-

97 1460 156 1494 σαν
167 1427 362 1512 Λίβυες-καὶ
374 1433 490 1511 Λιβύων
503 1434 583 1493 ἔθνεα
595 1434 820 1511 πολλὰ-πλὴν
833 1434 902 1497 ὅσον

97 1520 234 1599 Έλληνες
247 1523 294 1582 καὶ
306 1524 431 1586 Φοίνικες
444 1524 552 1601 έχουσι·
572 1519 609 1581 τοὶ
623 1521 653 1582 δὲ
668 1521 738 1600 ύτέρ
753 1523 903 1599 θαλάσσης

96 1636 130 1670 τε
145 1613 193 1670 καὶ
207 1615 262 1672 τῶν
275 1612 321 1672 ἐπὶ
337 1611 491 1672 θάλασσαν
505 1607 680 1686 κατηκόντων
692 1610 851 1688 ἀνθρώπων,
865 1611 902 1672 τὰ

96 1698 254 1777 κατύπερθε
268 1698 404 1777 θηριώδης
420 1698 482 1759 ἐστὶ
494 1697 514 1775 η’
526 1697 633 1776 Λιβύη·
654 1697 690 1759 τοὶ
703 1698 734 1758 δὲ
747 1696 901 1778 κατύπερθε

97 1792 150 1863 τῆς
168 1787 323 1864 θηριώδεος,
337 1786 454 1866 ψάμμος
471 1788 503 1846 τέ
521 1792 583 1846 ἐστι
602 1786 648 1847 καὶ
665 1783 781 1863 ἄνυδρος
797 1786 899 1859 δεινῶς,

99 1876 148 1934 καὶ
162 1879 263 1952 ἐρῆμος
278 1874 410 1956 πόντων.)
444 1874 505 1934 ἐπεὶ
521 1872 560 1933 ὦν
572 1872 638 1938 τοίς
651 1876 759 1951 νεηνίας
774 1873 900 1953 α’ποπεμ-

98 1963 239 2038 πομένονς
256 1961 312 2023 ino*
329 1965 385 2022 τῶν
401 1960 514 2037 ἡλίκων,
527 1960 614 2021 ὕδασί
629 1986 661 2021 τε
677 1963 724 2022 καὶ
736 1963 855 2023 σιτίοισι
870 1960 901 2023 εἰ

99 2050 307 2127 ἐξηρτυμένους,
316 2050 386 2109 ἰέναι
397 2049 434 2109 τοὶ
442 2052 540 2127 πρώτα
551 2051 603 2125 μέν
616 2048 662 2108 διαὶ
674 2052 725 2125 τῆς
735 2053 900 2127 οἰκεομένης,

97 2138 203 2215 ταύτην
216 2138 246 2198 δέ
264 2134 456 2208 διεξελθόντας
474 2140 502 2199 ἐς
516 2136 571 2211 την
588 2135 723 2213 θηριώδεα
740 2134 899 2207 ἀπικέσθαι,

99 2231 132 2287 ἐκ
145 2226 175 2286 δέ
191 2224 293 2301 ταύτης
307 2224 359 2301 την
372 2227 477 2301 ἐρῆμον
489 2223 616 2293 διεξιέναι
628 2222 680 2298 την
693 2222 759 2284 ὁδόν
774 2224 901 2301 ποιευμέ-

99 2340 165 2379 νονς
184 2313 255 2393 πρός
275 2314 396 2390 ζέφυρον
414 2311 526 2389 ἄνεμον·
548 2305 740 2381 διεξελθόντας
759 2311 790 2371 δὲ
809 2315 901 2391 χῶρον

99 2404 212 2464 πολλόν
224 2399 380 2480 ψαμμώδεα
397 2400 444 2460 καὶ
459 2404 489 2461 ἐν
503 2402 634 2479 πολλῇσι
647 2398 770 2480 ἡμέρῃσι
786 2399 852 2461 ἰδεῖν
865 2399 901 2477 δή

101 2518 166 2553 κοτε
187 2491 298 2570 δένδρεα
314 2494 344 2551 ἐν
358 2489 442 2569 πεδίῳ
458 2487 613 2565 πεφυκότα·
635 2490 684 2549 καί
702 2495 794 2566 σφεας
813 2514 902 2568 προσ-

102 2580 237 2643 ελθόντας
253 2579 395 2641 ἅπτεσθαι
414 2582 465 2639 τοῦ
485 2577 615 2641 ἐπεόντος
636 2578 752 2639 ἐπὶτῶν
771 2579 901 2657 δενδρέων

102 2673 220 2748 καρποῦ·
234 2668 420 2746 αἶπτομένοισι
430 2667 461 2727 δέ
467 2672 524 2743 σφι
532 2667 661 2727 ἐπελθεῖν
668 2664 769 2744 ἄνδρας
778 2666 901 2745 μικρούς,
925 2694 931 2709 ·

103 2758 222 2835 μετρίων
232 2755 392 2819 ἐλόσσονας
401 2754 515 2832 ἀνδρῶν,
523 2754 667 2829 λαβόντας
675 2753 705 2813 δὲ
714 2754 793 2836 ἅγειν
800 2754 902 2831 σφέας·

102 2848 198 2922 φωνῆς
215 2844 245 2904 δέ
263 2842 326 2903 οὔτε
343 2868 373 2903 τι
388 2846 440 2918 τῆς
458 2843 566 2903 ἐκείνων
581 2842 646 2905 τούς
663 2846 844 2920 Νασαμῶνας
860 2866 902 2921 γι-

102 2932 221 2993 νώσκειν
238 2930 302 2992 οὔτε
321 2930 386 2995 τούς
404 2929 523 3011 ἄγοντας
539 2933 595 2990 τῶν
612 2929 805 3005 Νασαμώνων·
825 2926 904 3009 ἄγειν

101 3046 133 3081 τε
153 3019 188 3096 δη
210 3018 311 3082 αύτούς
330 3018 364 3078 δι’
378 3019 463 3078 ἐλέων
481 3018 632 3098 μεγίστων,
646 3014 693 3075 καὶ
713 3014 903 3085 διεξελθόντας

102 3111 192 3168 ταῦτα
205 3106 356 3168 οἷπικέσθαι
370 3111 397 3169 ἐς
412 3104 498 3166 πόλιν
512 3110 541 3166 ἐν
553 3108 589 3182 τῇ
602 3102 726 3167 ἅπαντας
742 3102 811 3163 εἰναι
826 3105 903 3163 τοῖσι

102 3194 206 3277 ἄγουσι
220 3195 254 3256 τδ
269 3194 393 3275 μέγαθος
408 3192 496 3262 ἴσους,
510 3195 611 3271 χρῶμα
627 3190 657 3250 δὲ
673 3191 806 3267 μέλανας·
827 3190 904 3268 παραὶ

102 3283 133 3345 δέ
152 3282 206 3359 τήν
225 3283 311 3343 πόλιν
330 3281 402 3358 ῥέειν
424 3279 554 3356 τοταμδν
576 3279 676 3356 μέγαν·
703 3278 775 3355 ῥέειν
795 3276 825 3337 δὲ
845 3275 902 3336 (ἰπδ
