2150 3500
172 131 220 182 τοι
480 129 664 184 Ἦυοαοτοτ
945 129 987 196 [ι

170 210 295 273 ἐποιέετο
315 209 410 293 λόγον.
453 211 470 274 ὁ
486 212 517 272 δέ
529 215 581 289 τῆς
592 210 746 288 βασιλείης
758 208 898 288 Τομύριος
910 211 989 274 ταῖς

172 299 385 378 Σπαργαπίσης,
400 297 436 363 ὥς
447 325 496 376 μιν
508 297 525 360 ὅ
537 324 569 360 τε
583 298 657 362 οἰνος
670 298 755 374 άνῆκε
768 298 815 357 καὶ
829 298 920 375 ἔμαθε
936 299 987 359 ἶνα
1064 357 1065 368 ,

170 383 207 460 ἥν
229 389 323 456 κακοῦ,
347 387 452 462 δεηθεὶς
473 385 570 464 Κύρου
594 391 625 446 ἐκ
647 391 703 447 τῶν
723 386 834 463 δεσμῶν
856 385 987 462 λυθῆναι

171 474 260 553 ἔτυχε·
277 473 313 537 οἷς
325 474 355 534 δέ
368 473 454 551 ἐλύθη
466 501 498 534 τε
510 473 634 554 τάχιστα
647 474 762 534 καὶτῶν
774 477 876 552 χειρῶν
896 474 985 551 ἐκρά-

171 587 250 638 τησε,
272 561 443 644 διεργάζεται
459 561 568 622 ἑωυτόν·
589 562 636 622 καὶ
657 561 692 637 δὴ
711 560 792 626 οὗτος·
809 564 862 638 μὲν
882 561 986 643 τρόπιρ

125 650 306 731 214τοιούτῳ
323 645 453 726 τελευτᾶἷ
476 649 598 729 Τόμυρις
615 649 654 720 δέ,
676 649 712 714 ὥς
733 651 761 710 οἰ
781 647 797 709 ὅ
815 641 912 727 Κῦρος
927 653 985 711 ούκ

171 737 317 814 ἐσήκουσε,
327 739 495 809 συλλέξασα
506 743 605 798 πᾶσαν
617 737 669 815 τήν
679 741 779 814 ἑωυτῆς
787 736 903 814 δύναμιν
912 763 985 799 συν-

173 825 263 901 έβαλε
273 826 363 906 Κύρῳ.
391 826 496 903 ταύτην
507 825 560 902 την
572 825 675 905 μάχην,
690 824 757 886 ὅσαι
770 823 804 901 δη
818 825 985 903 βαρβάρων

172 911 278 992 ἀνδρῶν
289 914 380 994 μάχαι
393 914 528 995 ἐγένοντο,
539 914 621 991 κρίνω
634 912 821 993 ἰσχυροτάτην
833 913 983 994 γενέσθω·

173 1001 220 1060 καὶ
232 1001 267 1077 δι)
281 1003 327 1061 καί
338 1001 513 1080 πυνθάνομαι
526 1001 597 1062 οὕτω
609 1005 692 1062 τοῦτο
702 999 861 1082 γενόμενον·
880 1004 984 1078 πρῶτα

171 1091 224 1166 μὲν
246 1089 302 1171 γάρ
322 1091 437 1172 λέγεται
459 1089 559 1154 αύτούς
585 1088 751 1152 διαστάντας
777 1093 807 1152 ἐς
831 1086 984 1164 ἀλλήλους

126 1212 128 1218 ·
173 1178 303 1248 τοξεύειν·
324 1179 396 1258 μετὰ
420 1179 458 1250 δὲ,
482 1173 519 1242 ὥς
536 1183 594 1255 σφι
612 1178 648 1239 τά
668 1178 759 1254 βέλεα
779 1175 981 1252 ἐξετετόξευτο,

173 1267 371 1345 συμπεσόντας
383 1272 452 1346 τῇσι
465 1267 590 1347 αἰχμῇσί
599 1291 631 1327 τε
644 1266 691 1325 καὶ
699 1269 776 1326 τοῖσι
786 1265 983 1346 ἐγχειριδίοισι

174 1357 353 1436 συνέχεσθαι·
373 1356 475 1436 χρόνον
495 1381 527 1416 τε
548 1354 582 1432 δη
607 1355 652 1414 ἐπὶ
672 1353 784 1414 πολλάν
807 1354 984 1422 συνεστάναι

173 1446 349 1524 μαχομένους
367 1445 413 1503 καὶ
435 1443 593 1520 οὐδετέρους
617 1443 724 1502 ἐθέλειν
746 1440 869 1523 φεύγειν,
896 1443 983 1508 τέλος

174 1530 212 1600 δὲ,
233 1535 261 1590 οἱ
280 1531 472 1611 Μασσαγέται
493 1531 695 1611 περιεγενέατο·
720 1528 791 1605 ἥτε
811 1528 846 1605 δη
879 1530 983 1606 πολλὴ

172 1621 223 1692 τῆς
236 1621 379 1696 Περσικῆς
399 1621 532 1695 στρατιῆς
552 1616 637 1678 αὐτοῦ
654 1615 741 1696 ταύτῃ
762 1615 910 1694 διεφθάρη,
932 1620 982 1678 καί

174 1705 268 1781 δῆκαὶ
288 1703 371 1769 αύτδς
390 1709 485 1783 Κῦρος
503 1709 622 1785 τελευτᾷ
638 1703 819 1785 βασιλεύσας
830 1704 867 1766 τά
881 1704 981 1768 πάντα

174 1793 233 1857 ἐνδς
260 1794 357 1853 δέοντα
382 1792 531 1871 τριήκοντα
558 1794 629 1854 έτεα·
659 1792 748 1855 άσκδν
775 1794 806 1853 δὲ
831 1793 982 1877 πλήσασα
1064 1796 1065 1803 “

174 1883 291 1959 αἵματος
304 1880 479 1960 ἀνθρωπηίου
491 1881 613 1961 Τόμυρις
633 1882 739 1958 ἐδίζητο
754 1886 783 1942 ἐν
796 1876 873 1942 τοῖσι
885 1882 981 1943 τεθνε·

174 1974 228 2031 ὦσι
252 1974 308 2032 τῶν
328 1971 463 2049 Περσέων
481 1970 533 2032 τδν
553 1970 649 2048 Κύρου
670 1970 759 2030 νέκυν·
788 1968 824 2033 οἷς
848 1970 878 2029 δέ
905 1967 978 2048 εὗρε,

173 2063 314 2137 ἐναπῆπτε
327 2059 411 2120 αύτοῦ
423 2058 475 2135 τὴν
486 2058 615 2135 κεφαλην
628 2062 655 2121 ἐς
668 2056 718 2118 τδν
731 2056 828 2131 άσκδν,
844 2061 979 2135 λυμαινο·

173 2149 244 2226 μένη
257 2149 287 2209 δὲ
298 2153 338 2229 τῷ
351 2151 436 2227 νεκρῷ
450 2148 566 2228 ε’πέλεγε
579 2145 654 2207 τάδε·
676 2144 742 2210 “Σύ
755 2148 808 2223 μέν
824 2148 875 2222 ἐμὲ
895 2145 980 2217 ζάου-

145 2233 147 2236 ’
173 2237 230 2297 σάν
250 2264 282 2297 τε
304 2239 350 2297 καὶ
370 2235 493 2298 νικῶσάν
513 2261 548 2296 σε
564 2234 644 2315 μάχῃ
657 2232 808 2298 άπάλεσας
824 2232 912 2293 παῖδα
926 2234 980 2295 τᾶν

174 2324 241 2402 ἐμδν
267 2325 337 2385 έλών
360 2325 442 2403 δόλῳ,
471 2327 507 2384 σέ
536 2323 560 2382 δ’
582 2322 644 2404 ἐγιδ,
672 2320 795 2398 κατάπερ
821 2320 978 2398 η’πείλησα,
1064 2368 1065 2383 ι

174 2413 290 2487 αἵματος
303 2411 434 2489 κορέσω.”
460 2411 496 2471 τά
508 2414 560 2487 μέν
576 2411 610 2486 δή
627 2408 697 2469 κατὰ
708 2409 760 2487 τὴν
774 2408 871 2487 Κύρου
883 2414 980 2471 τελευ·

171 2498 226 2573 τὴν
244 2502 295 2557 τοῦ
314 2500 391 2574 βίου,
411 2502 529 2559 πολλῶν
550 2498 643 2578 λόγων
668 2498 834 2579 λεγομένων,
861 2496 909 2558 ὅδε
928 2524 980 2575 μοι
1064 2526 1065 2529 ’

173 2586 189 2647 ὁ
208 2585 397 2650 πιθανώτατος
417 2586 529 2663 εἴρηται.

125 2678 183 2737 215
225 2675 416 2754 Μασσαγέται
436 2673 467 2733 δὲ
488 2672 597 2749 ε’σθῆτά
618 2698 650 2733 τε
670 2672 770 2751 ὁμοίην
792 2675 829 2749 τῇ
853 2672 979 2752 Σκυθικῇ

173 2762 310 2841 φορέουσι
328 2763 374 2821 καὶ
394 2762 502 2821 δίαιταν
522 2762 629 2841 έχουσι.
673 2760 788 2821 ἱππόται
808 2760 840 2819 δέ
855 2764 912 2821 εἰσι
932 2762 990 2820 καῖ’

172 2851 296 2922 ἄνιπποι,
321 2849 500 2932 (ἀμφοτέρων
514 2849 570 2931 γάρ
593 2850 766 2929 μετέχουσα)
794 2848 840 2907 καὶ
862 2847 978 2918 τοξόται
1064 2898 1065 2905 ,

171 2942 262 3001 τεκαὶ
280 2938 460 3018 αἰχμοφόροι,
481 2936 601 3019 σαγάρις
618 2939 773 3016 νομίζοντες
791 2936 874 3015 ἔχειν.
908 2961 979 3015 χρυ·
1064 3002 1065 3011 η

173 3033 215 3108 σῷ
231 3029 261 3088 δέ
274 3029 320 3087 καὶ
337 3032 435 3107 χαλκῷ
447 3026 482 3086 τά
500 3024 592 3086 πάντα
607 3028 751 3105 χρέωνται·
779 3021 835 3083 ὅσα
850 3024 902 3100 μὲν
919 3023 977 3104 γάρ
1064 3020 1065 3035 ’

172 3121 199 3179 ἐς
212 3115 316 3194 αἰχμάς
333 3117 380 3174 καὶ
392 3114 469 3194 άρδις
489 3115 536 3174 καὶ
558 3113 685 3195 σαγάρις,
706 3116 803 3192 χαλκῷ
821 3110 858 3170 τά
879 3110 976 3171 πάντα
1010 3158 1013 3165 .

170 3204 314 3282 χρέωνται·
335 3202 391 3264 ὅσα
411 3203 441 3262 δὲ
460 3202 524 3279 περὶ
543 3201 672 3276 κεφαλὴν
694 3202 741 3259 καὶ
764 3200 909 3274 ζωστῆρας
929 3198 977 3258 καὶ

172 3293 418 3371 mmm
443 3292 541 3369 χρυσῷ
566 3290 744 3367 κοσμέονται·
777 3284 813 3349 ιύς
837 3282 861 3344 δ’
887 3281 977 3353 αὕτως
