<?xml version="1.0" encoding="UTF-8"?>
<!DOCTYPE html PUBLIC "-//W3C//DTD XHTML 1.0 Transitional//EN"
    "http://www.w3.org/TR/xhtml1/DTD/xhtml1-transitional.dtd">
<html xmlns="http://www.w3.org/1999/xhtml" xml:lang="en" lang="en">
 <head>
  <title>
</title>
<meta http-equiv="Content-Type" content="text/html;charset=utf-8" />
  <meta name='ocr-system' content='tesseract 3.04.00' />
  <meta name='ocr-capabilities' content='ocr_page ocr_carea ocr_par ocr_line ocrx_word'/>
</head>
<body>
  <div class='ocr_page' id='page_1' title='image "./herodotus00blakgoog_0315.png"; bbox 0 0 2150 3500; ppageno 0'>
   <div class='ocr_carea' id='block_1_1' title="bbox 61 113 1061 3353">
    <p class='ocr_par' dir='ltr' id='par_1_1' title="bbox 178 113 978 192">
     <span class='ocr_line' id='line_1_1' title="bbox 178 113 978 192; baseline -0.003 -8"><span class='ocrx_word' id='word_1_1' title='bbox 178 134 228 184; x_wconf 78' lang='grc' dir='ltr'>ιοο</span> <span class='ocrx_word' id='word_1_2' title='bbox 486 113 672 182; x_wconf 61' lang='lat' dir='ltr'><strong>mmmm*</strong></span> <span class='ocrx_word' id='word_1_3' title='bbox 918 131 978 192; x_wconf 79' lang='grc' dir='ltr'>[ιν.</span> 
     </span>
    </p>

    <p class='ocr_par' dir='ltr' id='par_1_2' title="bbox 176 209 1061 298">
     <span class='ocr_line' id='line_1_2' title="bbox 176 209 1061 298; baseline -0.002 -25"><span class='ocrx_word' id='word_1_4' title='bbox 176 213 230 290; x_wconf 85' lang='grc' dir='ltr'>μέν</span> <span class='ocrx_word' id='word_1_5' title='bbox 240 213 376 293; x_wconf 83' lang='grc' dir='ltr'>χειμιῦνός</span> <span class='ocrx_word' id='word_1_6' title='bbox 387 209 450 274; x_wconf 84' lang='grc' dir='ltr'>ἐστι</span> <span class='ocrx_word' id='word_1_7' title='bbox 462 212 591 288; x_wconf 84' lang='grc' dir='ltr'>ὀσοστέρ</span> <span class='ocrx_word' id='word_1_8' title='bbox 606 217 676 282; x_wconf 89' lang='grc' dir='ltr'>ἐστι,</span> <span class='ocrx_word' id='word_1_9' title='bbox 684 209 774 293; x_wconf 96' lang='grc' dir='ltr'>ὀλίγῳ</span> <span class='ocrx_word' id='word_1_10' title='bbox 786 237 818 272; x_wconf 90' lang='grc' dir='ltr'>τε</span> <span class='ocrx_word' id='word_1_11' title='bbox 831 210 923 288; x_wconf 80' lang='grc' dir='ltr'>μέζων</span> <span class='ocrx_word' id='word_1_12' title='bbox 934 214 980 287; x_wconf 77' lang='grc' dir='ltr'>τῆς</span> <span class='ocrx_word' id='word_1_13' title='bbox 1060 285 1061 298; x_wconf 24' lang='grc' dir='ltr'>γ</span> 
     </span>
    </p>

    <p class='ocr_par' dir='ltr' id='par_1_3' title="bbox 178 298 1061 383">
     <span class='ocr_line' id='line_1_3' title="bbox 178 298 1061 383; baseline -0.002 -23"><span class='ocrx_word' id='word_1_14' title='bbox 178 303 278 362; x_wconf 79' lang='grc' dir='ltr'>ἑωυτοῦ</span> <span class='ocrx_word' id='word_1_15' title='bbox 297 300 400 377; x_wconf 79' lang='grc' dir='ltr'>φύσιος</span> <span class='ocrx_word' id='word_1_16' title='bbox 418 302 534 383; x_wconf 88' lang='grc' dir='ltr'>γίνεται·</span> <span class='ocrx_word' id='word_1_17' title='bbox 560 299 639 362; x_wconf 80' lang='grc' dir='ltr'>ὕεται</span> <span class='ocrx_word' id='word_1_18' title='bbox 658 299 714 382; x_wconf 79' lang='grc' dir='ltr'>γάρ</span> <span class='ocrx_word' id='word_1_19' title='bbox 733 298 753 376; x_wconf 85' lang='grc' dir='ltr'>ή</span> <span class='ocrx_word' id='word_1_20' title='bbox 772 303 812 380; x_wconf 77' lang='grc' dir='ltr'>γῆ</span> <span class='ocrx_word' id='word_1_21' title='bbox 838 298 909 375; x_wconf 83' lang='grc' dir='ltr'>αῦτη</span> <span class='ocrx_word' id='word_1_22' title='bbox 934 301 981 359; x_wconf 89' lang='grc' dir='ltr'>τοῦ</span> <span class='ocrx_word' id='word_1_23' title='bbox 1060 311 1061 340; x_wconf 73' lang='lat'><em>³</em></span> 
     </span>
    </p>

    <p class='ocr_par' dir='ltr' id='par_1_4' title="bbox 178 386 981 470">
     <span class='ocr_line' id='line_1_4' title="bbox 178 386 981 470; baseline -0.002 -22"><span class='ocrx_word' id='word_1_24' title='bbox 178 393 314 469; x_wconf 82' lang='grc' dir='ltr'>χειμῶνος</span> <span class='ocrx_word' id='word_1_25' title='bbox 331 388 450 467; x_wconf 91' lang='grc' dir='ltr'>πάμπαν</span> <span class='ocrx_word' id='word_1_26' title='bbox 467 387 564 470; x_wconf 89' lang='grc' dir='ltr'>ὀλίγῳ,</span> <span class='ocrx_word' id='word_1_27' title='bbox 581 391 685 466; x_wconf 80' lang='grc' dir='ltr'>νιφετῷ</span> <span class='ocrx_word' id='word_1_28' title='bbox 702 388 732 448; x_wconf 84' lang='grc' dir='ltr'>δέ</span> <span class='ocrx_word' id='word_1_29' title='bbox 750 386 846 447; x_wconf 91' lang='grc' dir='ltr'>πάντα</span> <span class='ocrx_word' id='word_1_30' title='bbox 864 387 981 466; x_wconf 82' lang='grc' dir='ltr'>χρέεται·</span> 
     </span>
    </p>

    <p class='ocr_par' dir='ltr' id='par_1_5' title="bbox 178 475 981 558">
     <span class='ocr_line' id='line_1_5' title="bbox 178 475 981 558; baseline 0 -22"><span class='ocrx_word' id='word_1_31' title='bbox 178 479 230 536; x_wconf 88' lang='grc' dir='ltr'>τοῦ</span> <span class='ocrx_word' id='word_1_32' title='bbox 251 476 282 536; x_wconf 82' lang='grc' dir='ltr'>δέ</span> <span class='ocrx_word' id='word_1_33' title='bbox 302 476 397 553; x_wconf 90' lang='grc' dir='ltr'>θέρεος</span> <span class='ocrx_word' id='word_1_34' title='bbox 415 476 434 552; x_wconf 86' lang='grc' dir='ltr'>ή</span> <span class='ocrx_word' id='word_1_35' title='bbox 456 475 525 558; x_wconf 78' lang='grc' dir='ltr'>χιοῖν</span> <span class='ocrx_word' id='word_1_36' title='bbox 546 475 565 552; x_wconf 78' lang='grc' dir='ltr'><strong><em>ἡ</em></strong></span> <span class='ocrx_word' id='word_1_37' title='bbox 587 481 616 537; x_wconf 90' lang='grc' dir='ltr'>ἐν</span> <span class='ocrx_word' id='word_1_38' title='bbox 638 479 678 554; x_wconf 75' lang='grc' dir='ltr'>τῷ</span> <span class='ocrx_word' id='word_1_39' title='bbox 703 479 821 554; x_wconf 79' lang='grc' dir='ltr'>χειμῶνι</span> <span class='ocrx_word' id='word_1_40' title='bbox 845 478 981 548; x_wconf 76' lang='grc' dir='ltr'>πεσοῦσα,</span> 
     </span>
    </p>

    <p class='ocr_par' dir='ltr' id='par_1_6' title="bbox 153 562 1061 732">
     <span class='ocr_line' id='line_1_6' title="bbox 179 562 1061 642; baseline -0.002 -18"><span class='ocrx_word' id='word_1_41' title='bbox 179 566 266 624; x_wconf 89' lang='grc' dir='ltr'>ἐοῦσα</span> <span class='ocrx_word' id='word_1_42' title='bbox 279 562 460 642; x_wconf 74' lang='grc' dir='ltr'>ἀμφιλαφής,</span> <span class='ocrx_word' id='word_1_43' title='bbox 472 565 612 641; x_wconf 83' lang='grc' dir='ltr'>τηκομένη</span> <span class='ocrx_word' id='word_1_44' title='bbox 625 562 762 624; x_wconf 81' lang='grc' dir='ltr'>πάντοθεν</span> <span class='ocrx_word' id='word_1_45' title='bbox 777 563 887 624; x_wconf 79' lang='grc' dir='ltr'>ἐσδιδοῖ</span> <span class='ocrx_word' id='word_1_46' title='bbox 899 568 928 626; x_wconf 93' lang='grc' dir='ltr'>ἐς</span> <span class='ocrx_word' id='word_1_47' title='bbox 938 562 985 624; x_wconf 89' lang='grc' dir='ltr'>τόν</span> <span class='ocrx_word' id='word_1_48' title='bbox 1060 613 1061 622; x_wconf 71' lang='grc'>,</span> 
     </span>
     <span class='ocr_line' id='line_1_7' title="bbox 153 637 1061 732; baseline 0.001 -22"><span class='ocrx_word' id='word_1_49' title='bbox 153 648 300 728; x_wconf 64' lang='grc' dir='ltr'>,Ἴστρον</span> <span class='ocrx_word' id='word_1_50' title='bbox 320 650 390 728; x_wconf 79' lang='grc' dir='ltr'>αῦτη</span> <span class='ocrx_word' id='word_1_51' title='bbox 401 677 433 712; x_wconf 89' lang='grc' dir='ltr'>τε</span> <span class='ocrx_word' id='word_1_52' title='bbox 446 652 480 729; x_wconf 85' lang='grc' dir='ltr'>δή</span> <span class='ocrx_word' id='word_1_53' title='bbox 492 651 512 728; x_wconf 83' lang='grc' dir='ltr'>ή</span> <span class='ocrx_word' id='word_1_54' title='bbox 524 651 595 732; x_wconf 79' lang='grc' dir='ltr'>χιοῖυ</span> <span class='ocrx_word' id='word_1_55' title='bbox 609 650 761 711; x_wconf 80' lang='grc' dir='ltr'>ἐσδιδοῦσα</span> <span class='ocrx_word' id='word_1_56' title='bbox 774 656 803 715; x_wconf 91' lang='grc' dir='ltr'>ἐς</span> <span class='ocrx_word' id='word_1_57' title='bbox 815 649 905 712; x_wconf 85' lang='grc' dir='ltr'>αύτόυ</span> <span class='ocrx_word' id='word_1_58' title='bbox 918 676 985 728; x_wconf 90' lang='grc' dir='ltr'>συμ-</span> <span class='ocrx_word' id='word_1_59' title='bbox 1060 637 1061 656; x_wconf 37' lang='lat'>¹</span> 
     </span>
    </p>

    <p class='ocr_par' dir='ltr' id='par_1_7' title="bbox 179 737 986 818">
     <span class='ocr_line' id='line_1_8' title="bbox 179 737 986 818; baseline -0.001 -20"><span class='ocrx_word' id='word_1_60' title='bbox 179 738 308 815; x_wconf 85' lang='grc' dir='ltr'>πληθύει,</span> <span class='ocrx_word' id='word_1_61' title='bbox 319 740 366 798; x_wconf 86' lang='grc' dir='ltr'>καῖ</span> <span class='ocrx_word' id='word_1_62' title='bbox 378 738 484 817; x_wconf 83' lang='grc' dir='ltr'>ὄμβροι</span> <span class='ocrx_word' id='word_1_63' title='bbox 495 740 605 800; x_wconf 88' lang='grc' dir='ltr'>πολλοί</span> <span class='ocrx_word' id='word_1_64' title='bbox 615 765 646 799; x_wconf 91' lang='grc' dir='ltr'>τε</span> <span class='ocrx_word' id='word_1_65' title='bbox 659 739 705 798; x_wconf 80' lang='grc' dir='ltr'>καὶ</span> <span class='ocrx_word' id='word_1_66' title='bbox 718 737 828 816; x_wconf 88' lang='grc' dir='ltr'>λάβροι</span> <span class='ocrx_word' id='word_1_67' title='bbox 841 737 898 799; x_wconf 84' lang='grc' dir='ltr'>σύν</span> <span class='ocrx_word' id='word_1_68' title='bbox 907 738 986 818; x_wconf 79' lang='grc' dir='ltr'>αύτῇ·</span> 
     </span>
    </p>

    <p class='ocr_par' dir='ltr' id='par_1_8' title="bbox 179 824 987 908">
     <span class='ocr_line' id='line_1_9' title="bbox 179 824 987 908; baseline 0 -22"><span class='ocrx_word' id='word_1_69' title='bbox 179 824 221 886; x_wconf 87' lang='grc' dir='ltr'>ῦει</span> <span class='ocrx_word' id='word_1_70' title='bbox 232 826 287 908; x_wconf 81' lang='grc' dir='ltr'>γάρ</span> <span class='ocrx_word' id='word_1_71' title='bbox 301 826 336 904; x_wconf 81' lang='grc' dir='ltr'>δή</span> <span class='ocrx_word' id='word_1_72' title='bbox 348 826 383 887; x_wconf 87' lang='grc' dir='ltr'>τό</span> <span class='ocrx_word' id='word_1_73' title='bbox 395 827 484 904; x_wconf 88' lang='grc' dir='ltr'>θέρος·</span> <span class='ocrx_word' id='word_1_74' title='bbox 505 827 564 907; x_wconf 83' lang='grc' dir='ltr'>ὅσῳ</span> <span class='ocrx_word' id='word_1_75' title='bbox 578 827 608 886; x_wconf 87' lang='grc' dir='ltr'>δέ</span> <span class='ocrx_word' id='word_1_76' title='bbox 619 827 708 887; x_wconf 88' lang='grc' dir='ltr'>πλέον</span> <span class='ocrx_word' id='word_1_77' title='bbox 721 824 763 886; x_wconf 83' lang='grc' dir='ltr'>ἐπ’</span> <span class='ocrx_word' id='word_1_78' title='bbox 774 826 877 888; x_wconf 87' lang='grc' dir='ltr'>ἐωυτόν</span> <span class='ocrx_word' id='word_1_79' title='bbox 889 825 987 903; x_wconf 86' lang='grc' dir='ltr'>ύδωρό</span> 
     </span>
    </p>

    <p class='ocr_par' dir='ltr' id='par_1_9' title="bbox 180 913 1061 996">
     <span class='ocr_line' id='line_1_10' title="bbox 180 913 1061 996; baseline 0.001 -22"><span class='ocrx_word' id='word_1_80' title='bbox 180 913 261 990; x_wconf 83' lang='grc' dir='ltr'>ἥλιος</span> <span class='ocrx_word' id='word_1_81' title='bbox 271 916 418 977; x_wconf 80' lang='grc' dir='ltr'>ἐπέλκεται</span> <span class='ocrx_word' id='word_1_82' title='bbox 430 918 505 995; x_wconf 75' lang='grc' dir='ltr'>ἐντῷ</span> <span class='ocrx_word' id='word_1_83' title='bbox 519 916 592 993; x_wconf 86' lang='grc' dir='ltr'>θέρεϊ</span> <span class='ocrx_word' id='word_1_84' title='bbox 605 913 624 992; x_wconf 82' lang='grc' dir='ltr'>ἢ</span> <span class='ocrx_word' id='word_1_85' title='bbox 638 919 668 976; x_wconf 88' lang='grc' dir='ltr'>ἐν</span> <span class='ocrx_word' id='word_1_86' title='bbox 674 919 713 994; x_wconf 76' lang='grc' dir='ltr'>τῷ</span> <span class='ocrx_word' id='word_1_87' title='bbox 721 918 848 996; x_wconf 87' lang='grc' dir='ltr'>χειμιῦνι,</span> <span class='ocrx_word' id='word_1_88' title='bbox 861 914 987 994; x_wconf 86' lang='grc' dir='ltr'>τοσούτῳ</span> <span class='ocrx_word' id='word_1_89' title='bbox 1060 917 1061 938; x_wconf 58' lang='lat'>³</span> 
     </span>
    </p>

    <p class='ocr_par' dir='ltr' id='par_1_10' title="bbox 181 1001 995 1085">
     <span class='ocr_line' id='line_1_11' title="bbox 181 1001 995 1085; baseline 0 -23"><span class='ocrx_word' id='word_1_90' title='bbox 181 1002 218 1062; x_wconf 78' lang='grc' dir='ltr'>τά</span> <span class='ocrx_word' id='word_1_91' title='bbox 232 1002 450 1085; x_wconf 74' lang='grc' dir='ltr'>συμμισγόμενα</span> <span class='ocrx_word' id='word_1_92' title='bbox 462 1007 501 1082; x_wconf 72' lang='grc' dir='ltr'>τῷ</span> <span class='ocrx_word' id='word_1_93' title='bbox 515 1001 620 1082; x_wconf 83' lang='grc' dir='ltr'>Ἴστρῳ</span> <span class='ocrx_word' id='word_1_94' title='bbox 631 1001 844 1063; x_wconf 78' lang='grc' dir='ltr'>πολλαπλόιτιοί</span> <span class='ocrx_word' id='word_1_95' title='bbox 860 1007 925 1064; x_wconf 88' lang='grc' dir='ltr'>ἐστι</span> <span class='ocrx_word' id='word_1_96' title='bbox 938 1007 995 1062; x_wconf 87' lang='grc' dir='ltr'>τοῦ·</span> 
     </span>
    </p>

    <p class='ocr_par' dir='ltr' id='par_1_11' title="bbox 182 1089 987 1171">
     <span class='ocr_line' id='line_1_12' title="bbox 182 1089 987 1171; baseline 0 -20"><span class='ocrx_word' id='word_1_97' title='bbox 182 1091 277 1168; x_wconf 80' lang='grc' dir='ltr'>θέρεος</span> <span class='ocrx_word' id='word_1_98' title='bbox 282 1089 355 1168; x_wconf 80' lang='grc' dir='ltr'>ἥπερ</span> <span class='ocrx_word' id='word_1_99' title='bbox 364 1095 414 1152; x_wconf 93' lang='grc' dir='ltr'>τοῦ</span> <span class='ocrx_word' id='word_1_100' title='bbox 421 1093 566 1171; x_wconf 78' lang='grc' dir='ltr'>χειμῶνος·</span> <span class='ocrx_word' id='word_1_101' title='bbox 580 1090 772 1167; x_wconf 78' lang='grc' dir='ltr'>ἀντιτιθέμενα</span> <span class='ocrx_word' id='word_1_102' title='bbox 780 1090 909 1150; x_wconf 83' lang='grc' dir='ltr'>δὲταῦτα</span> <span class='ocrx_word' id='word_1_103' title='bbox 917 1089 987 1151; x_wconf 84' lang='grc' dir='ltr'>ὀντι-</span> 
     </span>
    </p>

    <p class='ocr_par' dir='ltr' id='par_1_12' title="bbox 184 1176 988 1260">
     <span class='ocr_line' id='line_1_13' title="bbox 184 1176 988 1260; baseline 0.001 -23"><span class='ocrx_word' id='word_1_104' title='bbox 184 1178 309 1256; x_wconf 86' lang='grc' dir='ltr'>σήκωσις</span> <span class='ocrx_word' id='word_1_105' title='bbox 319 1179 432 1260; x_wconf 88' lang='grc' dir='ltr'>γίνεται,</span> <span class='ocrx_word' id='word_1_106' title='bbox 442 1178 514 1239; x_wconf 81' lang='grc' dir='ltr'>ὥστε</span> <span class='ocrx_word' id='word_1_107' title='bbox 527 1179 592 1238; x_wconf 82' lang='grc' dir='ltr'>ἶσον</span> <span class='ocrx_word' id='word_1_108' title='bbox 604 1203 653 1255; x_wconf 86' lang='grc' dir='ltr'>μιν</span> <span class='ocrx_word' id='word_1_109' title='bbox 666 1179 720 1238; x_wconf 81' lang='grc' dir='ltr'>αἰεὶ</span> <span class='ocrx_word' id='word_1_110' title='bbox 733 1178 889 1253; x_wconf 83' lang='grc' dir='ltr'>φαίνεσθαι</span> <span class='ocrx_word' id='word_1_111' title='bbox 899 1176 988 1238; x_wconf 86' lang='grc' dir='ltr'>ἐόντα.</span> 
     </span>
    </p>

    <p class='ocr_par' dir='ltr' id='par_1_13' title="bbox 136 1264 1061 1697">
     <span class='ocr_line' id='line_1_14' title="bbox 136 1264 989 1345; baseline -0.001 -18"><span class='ocrx_word' id='word_1_112' title='bbox 136 1268 173 1327; x_wconf 81' lang='grc'>51</span> <span class='ocrx_word' id='word_1_113' title='bbox 226 1267 278 1330; x_wconf 86' lang='grc' dir='ltr'>Εῖς</span> <span class='ocrx_word' id='word_1_114' title='bbox 293 1270 347 1345; x_wconf 88' lang='grc' dir='ltr'>μέν</span> <span class='ocrx_word' id='word_1_115' title='bbox 362 1266 397 1343; x_wconf 83' lang='grc' dir='ltr'>δή</span> <span class='ocrx_word' id='word_1_116' title='bbox 414 1269 469 1327; x_wconf 87' lang='grc' dir='ltr'>τιῦν</span> <span class='ocrx_word' id='word_1_117' title='bbox 484 1269 619 1344; x_wconf 85' lang='grc' dir='ltr'>ποταμῶν</span> <span class='ocrx_word' id='word_1_118' title='bbox 638 1269 716 1326; x_wconf 89' lang='grc' dir='ltr'>τοῖσι</span> <span class='ocrx_word' id='word_1_119' title='bbox 737 1265 869 1345; x_wconf 79' lang='grc' dir='ltr'>Σκύθῃσί</span> <span class='ocrx_word' id='word_1_120' title='bbox 888 1271 951 1326; x_wconf 90' lang='grc' dir='ltr'>ἐστι</span> <span class='ocrx_word' id='word_1_121' title='bbox 972 1264 989 1326; x_wconf 88' lang='grc' dir='ltr'>ὀ</span> 
     </span>
     <span class='ocr_line' id='line_1_15' title="bbox 178 1351 990 1433; baseline -0.002 -17"><span class='ocrx_word' id='word_1_122' title='bbox 178 1354 304 1433; x_wconf 84' lang='grc' dir='ltr'>Ἴστρος·</span> <span class='ocrx_word' id='word_1_123' title='bbox 322 1355 394 1432; x_wconf 83' lang='grc' dir='ltr'>μετό</span> <span class='ocrx_word' id='word_1_124' title='bbox 412 1355 443 1414; x_wconf 83' lang='grc' dir='ltr'>δέ</span> <span class='ocrx_word' id='word_1_125' title='bbox 457 1358 567 1425; x_wconf 86' lang='grc' dir='ltr'>τοῦτον,</span> <span class='ocrx_word' id='word_1_126' title='bbox 583 1353 684 1430; x_wconf 89' lang='grc' dir='ltr'>Τύρης·</span> <span class='ocrx_word' id='word_1_127' title='bbox 705 1353 736 1416; x_wconf 82' lang='grc' dir='ltr'>ῦς</span> <span class='ocrx_word' id='word_1_128' title='bbox 751 1351 809 1412; x_wconf 80' lang='grc' dir='ltr'>ὀπό</span> <span class='ocrx_word' id='word_1_129' title='bbox 827 1353 925 1432; x_wconf 85' lang='grc' dir='ltr'>βορέω</span> <span class='ocrx_word' id='word_1_130' title='bbox 937 1355 990 1430; x_wconf 88' lang='grc' dir='ltr'>μέν</span> 
     </span>
     <span class='ocr_line' id='line_1_16' title="bbox 184 1441 1061 1522; baseline -0.003 -18"><span class='ocrx_word' id='word_1_131' title='bbox 184 1441 289 1520; x_wconf 86' lang='grc' dir='ltr'>άνέμου</span> <span class='ocrx_word' id='word_1_132' title='bbox 301 1441 429 1521; x_wconf 84' lang='grc' dir='ltr'>ὀρμᾶται,</span> <span class='ocrx_word' id='word_1_133' title='bbox 440 1441 556 1522; x_wconf 76' lang='grc' dir='ltr'>ἄρχεται</span> <span class='ocrx_word' id='word_1_134' title='bbox 569 1441 600 1501; x_wconf 84' lang='grc' dir='ltr'>δέ</span> <span class='ocrx_word' id='word_1_135' title='bbox 611 1441 681 1518; x_wconf 85' lang='grc' dir='ltr'>ῥέων</span> <span class='ocrx_word' id='word_1_136' title='bbox 695 1445 725 1500; x_wconf 88' lang='grc' dir='ltr'>ἐκ</span> <span class='ocrx_word' id='word_1_137' title='bbox 738 1441 841 1517; x_wconf 80' lang='grc' dir='ltr'>λίμνης</span> <span class='ocrx_word' id='word_1_138' title='bbox 852 1441 989 1522; x_wconf 78' lang='grc' dir='ltr'>μεγάλης,</span> <span class='ocrx_word' id='word_1_139' title='bbox 1060 1455 1061 1516; x_wconf 41' lang='lat'><em>3</em></span> 
     </span>
     <span class='ocr_line' id='line_1_17' title="bbox 183 1529 992 1610; baseline -0.002 -20"><span class='ocrx_word' id='word_1_140' title='bbox 183 1529 315 1607; x_wconf 81' lang='grc' dir='ltr'>ἥούρίζει</span> <span class='ocrx_word' id='word_1_141' title='bbox 327 1530 379 1607; x_wconf 87' lang='grc' dir='ltr'>τήν</span> <span class='ocrx_word' id='word_1_142' title='bbox 390 1555 423 1591; x_wconf 88' lang='grc' dir='ltr'>τε</span> <span class='ocrx_word' id='word_1_143' title='bbox 440 1529 580 1606; x_wconf 77' lang='grc' dir='ltr'>Σκυθικήν</span> <span class='ocrx_word' id='word_1_144' title='bbox 594 1530 641 1588; x_wconf 89' lang='grc' dir='ltr'>καῖ</span> <span class='ocrx_word' id='word_1_145' title='bbox 653 1529 706 1606; x_wconf 83' lang='grc' dir='ltr'>τήν</span> <span class='ocrx_word' id='word_1_146' title='bbox 718 1529 843 1607; x_wconf 84' lang='grc' dir='ltr'>Νευρίδα</span> <span class='ocrx_word' id='word_1_147' title='bbox 855 1533 922 1610; x_wconf 81' lang='grc' dir='ltr'>γῆν·</span> <span class='ocrx_word' id='word_1_148' title='bbox 943 1530 992 1588; x_wconf 84' lang='grc' dir='ltr'>ἐπὶ</span> 
     </span>
     <span class='ocr_line' id='line_1_18' title="bbox 185 1615 990 1697; baseline 0 -21"><span class='ocrx_word' id='word_1_149' title='bbox 185 1617 215 1677; x_wconf 86' lang='grc' dir='ltr'>δέ</span> <span class='ocrx_word' id='word_1_150' title='bbox 229 1622 268 1697; x_wconf 73' lang='grc' dir='ltr'>τῷ</span> <span class='ocrx_word' id='word_1_151' title='bbox 283 1618 404 1694; x_wconf 87' lang='grc' dir='ltr'>στόματι</span> <span class='ocrx_word' id='word_1_152' title='bbox 422 1618 507 1678; x_wconf 88' lang='grc' dir='ltr'>αύτοῦ</span> <span class='ocrx_word' id='word_1_153' title='bbox 521 1619 698 1692; x_wconf 87' lang='grc' dir='ltr'>κατοίκηνται</span> <span class='ocrx_word' id='word_1_154' title='bbox 706 1615 854 1695; x_wconf 77' lang='grc' dir='ltr'>Έλληνες,</span> <span class='ocrx_word' id='word_1_155' title='bbox 869 1617 898 1676; x_wconf 83' lang='grc' dir='ltr'>οῖ</span> <span class='ocrx_word' id='word_1_156' title='bbox 909 1621 990 1694; x_wconf 87' lang='grc' dir='ltr'>Τυρῖ-</span> 
     </span>
    </p>

    <p class='ocr_par' dir='ltr' id='par_1_14' title="bbox 137 1704 1061 1873">
     <span class='ocr_line' id='line_1_19' title="bbox 137 1704 1061 1784; baseline -0.002 -17"><span class='ocrx_word' id='word_1_157' title='bbox 137 1707 176 1767; x_wconf 78' lang='grc'>52</span> <span class='ocrx_word' id='word_1_158' title='bbox 184 1730 231 1766; x_wconf 92' lang='grc' dir='ltr'>ται</span> <span class='ocrx_word' id='word_1_159' title='bbox 246 1706 402 1767; x_wconf 89' lang='grc' dir='ltr'>καλέονται.</span> <span class='ocrx_word' id='word_1_160' title='bbox 444 1706 543 1784; x_wconf 85' lang='grc' dir='ltr'>Τρίτος</span> <span class='ocrx_word' id='word_1_161' title='bbox 555 1705 586 1765; x_wconf 86' lang='grc' dir='ltr'>δὲ</span> <span class='ocrx_word' id='word_1_162' title='bbox 597 1705 716 1769; x_wconf 86' lang='grc' dir='ltr'>Ὕπανις</span> <span class='ocrx_word' id='word_1_163' title='bbox 727 1704 855 1782; x_wconf 87' lang='grc' dir='ltr'>ποταμός</span> <span class='ocrx_word' id='word_1_164' title='bbox 868 1704 990 1783; x_wconf 81' lang='grc' dir='ltr'>ὁρμᾶται</span> <span class='ocrx_word' id='word_1_165' title='bbox 1060 1743 1061 1753; x_wconf 55' lang='lat'>2</span> 
     </span>
     <span class='ocr_line' id='line_1_20' title="bbox 183 1792 1061 1873; baseline 0 -20"><span class='ocrx_word' id='word_1_166' title='bbox 183 1795 236 1871; x_wconf 89' lang='grc' dir='ltr'>μέν</span> <span class='ocrx_word' id='word_1_167' title='bbox 250 1798 280 1852; x_wconf 89' lang='grc' dir='ltr'>ἐκ</span> <span class='ocrx_word' id='word_1_168' title='bbox 292 1796 343 1869; x_wconf 82' lang='grc' dir='ltr'>τῆς</span> <span class='ocrx_word' id='word_1_169' title='bbox 355 1794 501 1869; x_wconf 75' lang='grc' dir='ltr'>Σκυθικῆς,</span> <span class='ocrx_word' id='word_1_170' title='bbox 514 1794 571 1871; x_wconf 77' lang='grc' dir='ltr'>ῥέει</span> <span class='ocrx_word' id='word_1_171' title='bbox 584 1793 615 1853; x_wconf 86' lang='grc' dir='ltr'>δέ</span> <span class='ocrx_word' id='word_1_172' title='bbox 628 1797 658 1853; x_wconf 86' lang='grc' dir='ltr'>ἐκ</span> <span class='ocrx_word' id='word_1_173' title='bbox 672 1793 773 1870; x_wconf 86' lang='grc' dir='ltr'>λίμνης</span> <span class='ocrx_word' id='word_1_174' title='bbox 785 1792 923 1873; x_wconf 81' lang='grc' dir='ltr'>μεγάλης,</span> <span class='ocrx_word' id='word_1_175' title='bbox 936 1793 991 1869; x_wconf 80' lang='grc' dir='ltr'>τήν</span> <span class='ocrx_word' id='word_1_176' title='bbox 1060 1796 1061 1799; x_wconf 35' lang='grc'><strong>“</strong></span> 
     </span>
    </p>

    <p class='ocr_par' dir='ltr' id='par_1_15' title="bbox 130 1878 1061 3173">
     <span class='ocr_line' id='line_1_21' title="bbox 130 1878 989 1969; baseline -0.001 -28"><span class='ocrx_word' id='word_1_177' title='bbox 130 1878 132 1882; x_wconf 52' lang='grc'><strong>’</strong></span> <span class='ocrx_word' id='word_1_178' title='bbox 184 1880 267 1959; x_wconf 77' lang='grc' dir='ltr'>πέριξ</span> <span class='ocrx_word' id='word_1_179' title='bbox 282 1882 412 1959; x_wconf 85' lang='grc' dir='ltr'>νέμονται</span> <span class='ocrx_word' id='word_1_180' title='bbox 433 1882 514 1942; x_wconf 84' lang='grc' dir='ltr'>ἵπποι</span> <span class='ocrx_word' id='word_1_181' title='bbox 534 1880 627 1969; x_wconf 80' lang='grc' dir='ltr'>ἄγριοι</span> <span class='ocrx_word' id='word_1_182' title='bbox 647 1882 750 1941; x_wconf 87' lang='grc' dir='ltr'>λευκοί·</span> <span class='ocrx_word' id='word_1_183' title='bbox 779 1881 912 1941; x_wconf 89' lang='grc' dir='ltr'>καλέεται</span> <span class='ocrx_word' id='word_1_184' title='bbox 929 1880 989 1956; x_wconf 81' lang='grc' dir='ltr'>δή</span> 
     </span>
     <span class='ocr_line' id='line_1_22' title="bbox 183 1967 1061 2047; baseline 0 -18"><span class='ocrx_word' id='word_1_185' title='bbox 183 1970 271 2046; x_wconf 88' lang='grc' dir='ltr'>λίμνη</span> <span class='ocrx_word' id='word_1_186' title='bbox 291 1968 361 2047; x_wconf 79' lang='grc' dir='ltr'>αὕτη</span> <span class='ocrx_word' id='word_1_187' title='bbox 384 1968 473 2047; x_wconf 82' lang='grc' dir='ltr'>ὀρθῶς</span> <span class='ocrx_word' id='word_1_188' title='bbox 493 1968 587 2047; x_wconf 92' lang='grc' dir='ltr'>μήτηρ</span> <span class='ocrx_word' id='word_1_189' title='bbox 610 1968 749 2035; x_wconf 79' lang='grc' dir='ltr'>Ὑπάνιος·</span> <span class='ocrx_word' id='word_1_190' title='bbox 777 1973 808 2027; x_wconf 88' lang='grc' dir='ltr'>ἐκ</span> <span class='ocrx_word' id='word_1_191' title='bbox 829 1967 934 2045; x_wconf 77' lang='grc' dir='ltr'>ταύτης</span> <span class='ocrx_word' id='word_1_192' title='bbox 953 1968 990 2029; x_wconf 82' lang='grc' dir='ltr'>ῦν</span> <span class='ocrx_word' id='word_1_193' title='bbox 1060 2014 1061 2045; x_wconf 53' lang='lat'>3</span> 
     </span>
     <span class='ocr_line' id='line_1_23' title="bbox 185 2056 1061 2136; baseline -0.001 -18"><span class='ocrx_word' id='word_1_194' title='bbox 185 2056 345 2120; x_wconf 76' lang='grc' dir='ltr'>ἀνατέλλων</span> <span class='ocrx_word' id='word_1_195' title='bbox 367 2056 517 2121; x_wconf 84' lang='grc' dir='ltr'>ὀὝπανις</span> <span class='ocrx_word' id='word_1_196' title='bbox 539 2056 674 2135; x_wconf 77' lang='grc' dir='ltr'>ποταμὸς,</span> <span class='ocrx_word' id='word_1_197' title='bbox 693 2056 749 2134; x_wconf 83' lang='grc' dir='ltr'>ῥέει</span> <span class='ocrx_word' id='word_1_198' title='bbox 769 2056 820 2136; x_wconf 84' lang='grc' dir='ltr'>ἐπὶΙ</span> <span class='ocrx_word' id='word_1_199' title='bbox 836 2058 891 2133; x_wconf 81' lang='grc' dir='ltr'>μὲν</span> <span class='ocrx_word' id='word_1_200' title='bbox 906 2056 991 2117; x_wconf 89' lang='grc' dir='ltr'>πέντε</span> <span class='ocrx_word' id='word_1_201' title='bbox 1060 2062 1061 2083; x_wconf 72' lang='lat'>³</span> 
     </span>
     <span class='ocr_line' id='line_1_24' title="bbox 184 2142 988 2225; baseline -0.002 -19"><span class='ocrx_word' id='word_1_202' title='bbox 184 2146 308 2225; x_wconf 83' lang='grc' dir='ltr'>ήμερέων</span> <span class='ocrx_word' id='word_1_203' title='bbox 317 2146 408 2207; x_wconf 87' lang='grc' dir='ltr'>πλόον</span> <span class='ocrx_word' id='word_1_204' title='bbox 420 2144 531 2224; x_wconf 81' lang='grc' dir='ltr'>βραχύς</span> <span class='ocrx_word' id='word_1_205' title='bbox 544 2145 590 2203; x_wconf 84' lang='grc' dir='ltr'>καὶ</span> <span class='ocrx_word' id='word_1_206' title='bbox 602 2142 707 2225; x_wconf 76' lang='grc' dir='ltr'>γλυκύς</span> <span class='ocrx_word' id='word_1_207' title='bbox 717 2144 764 2213; x_wconf 84' lang='grc' dir='ltr'>ἔτι,</span> <span class='ocrx_word' id='word_1_208' title='bbox 772 2142 829 2203; x_wconf 86' lang='grc' dir='ltr'>οἷπό</span> <span class='ocrx_word' id='word_1_209' title='bbox 839 2143 869 2203; x_wconf 86' lang='grc' dir='ltr'>δέ</span> <span class='ocrx_word' id='word_1_210' title='bbox 878 2143 988 2217; x_wconf 87' lang='grc' dir='ltr'>τούτου,</span> 
     </span>
     <span class='ocr_line' id='line_1_25' title="bbox 185 2230 1061 2311; baseline -0.001 -19"><span class='ocrx_word' id='word_1_211' title='bbox 185 2234 256 2311; x_wconf 87' lang='grc' dir='ltr'>πρός</span> <span class='ocrx_word' id='word_1_212' title='bbox 269 2234 420 2310; x_wconf 85' lang='grc' dir='ltr'>θαλάσσης</span> <span class='ocrx_word' id='word_1_213' title='bbox 431 2233 573 2311; x_wconf 86' lang='grc' dir='ltr'>τεσσέρων</span> <span class='ocrx_word' id='word_1_214' title='bbox 586 2231 710 2309; x_wconf 77' lang='grc' dir='ltr'>ἡμερέων</span> <span class='ocrx_word' id='word_1_215' title='bbox 722 2230 821 2303; x_wconf 86' lang='grc' dir='ltr'>πλόον,</span> <span class='ocrx_word' id='word_1_216' title='bbox 835 2232 936 2308; x_wconf 84' lang='grc' dir='ltr'>πικρός</span> <span class='ocrx_word' id='word_1_217' title='bbox 950 2237 991 2292; x_wconf 87' lang='grc' dir='ltr'>αἶ·</span> <span class='ocrx_word' id='word_1_218' title='bbox 1060 2240 1061 2279; x_wconf 53' lang='grc' dir='ltr'>λ</span> 
     </span>
     <span class='ocr_line' id='line_1_26' title="bbox 185 2318 992 2403; baseline -0.002 -22"><span class='ocrx_word' id='word_1_219' title='bbox 185 2325 247 2385; x_wconf 83' lang='grc' dir='ltr'>ναῖς·</span> <span class='ocrx_word' id='word_1_220' title='bbox 267 2322 371 2401; x_wconf 82' lang='grc' dir='ltr'>ἐκδιδοῖ</span> <span class='ocrx_word' id='word_1_221' title='bbox 383 2320 439 2403; x_wconf 83' lang='grc' dir='ltr'>γάρ</span> <span class='ocrx_word' id='word_1_222' title='bbox 458 2324 488 2385; x_wconf 90' lang='grc' dir='ltr'>ἐς</span> <span class='ocrx_word' id='word_1_223' title='bbox 498 2318 591 2393; x_wconf 71' lang='grc' dir='ltr'>ἀύτόν</span> <span class='ocrx_word' id='word_1_224' title='bbox 612 2319 699 2398; x_wconf 82' lang='grc' dir='ltr'>κρήνη</span> <span class='ocrx_word' id='word_1_225' title='bbox 714 2318 809 2396; x_wconf 85' lang='grc' dir='ltr'>πικρή,</span> <span class='ocrx_word' id='word_1_226' title='bbox 823 2318 895 2379; x_wconf 81' lang='grc' dir='ltr'>οὕτω</span> <span class='ocrx_word' id='word_1_227' title='bbox 914 2319 951 2395; x_wconf 85' lang='grc' dir='ltr'>δή</span> <span class='ocrx_word' id='word_1_228' title='bbox 962 2345 992 2380; x_wconf 90' lang='grc' dir='ltr'>τι</span> 
     </span>
     <span class='ocr_line' id='line_1_27' title="bbox 186 2406 992 2489; baseline 0.002 -22"><span class='ocrx_word' id='word_1_229' title='bbox 186 2412 274 2468; x_wconf 89' lang='grc' dir='ltr'>ἐοῦσα</span> <span class='ocrx_word' id='word_1_230' title='bbox 293 2407 387 2485; x_wconf 84' lang='grc' dir='ltr'>πικρή,</span> <span class='ocrx_word' id='word_1_231' title='bbox 407 2407 427 2483; x_wconf 82' lang='grc' dir='ltr'><strong><em>ἣ</em></strong></span> <span class='ocrx_word' id='word_1_232' title='bbox 449 2408 566 2489; x_wconf 86' lang='grc' dir='ltr'>μεγάθεϊ</span> <span class='ocrx_word' id='word_1_233' title='bbox 589 2406 696 2485; x_wconf 83' lang='grc' dir='ltr'>σμικρή</span> <span class='ocrx_word' id='word_1_234' title='bbox 720 2410 816 2476; x_wconf 87' lang='grc' dir='ltr'>ἐοῦσα,</span> <span class='ocrx_word' id='word_1_235' title='bbox 839 2411 921 2487; x_wconf 72' lang='grc' dir='ltr'>κιρνᾷ</span> <span class='ocrx_word' id='word_1_236' title='bbox 939 2408 992 2469; x_wconf 88' lang='grc' dir='ltr'>τόν</span> 
     </span>
     <span class='ocr_line' id='line_1_28' title="bbox 180 2492 993 2576; baseline 0.004 -24"><span class='ocrx_word' id='word_1_237' title='bbox 180 2492 301 2555; x_wconf 83' lang='grc' dir='ltr'>Ὕπανιν</span> <span class='ocrx_word' id='word_1_238' title='bbox 313 2496 395 2555; x_wconf 89' lang='grc' dir='ltr'>ἐόντα</span> <span class='ocrx_word' id='word_1_239' title='bbox 409 2495 538 2571; x_wconf 88' lang='grc' dir='ltr'>ποταμόν</span> <span class='ocrx_word' id='word_1_240' title='bbox 551 2500 580 2556; x_wconf 90' lang='grc' dir='ltr'>ἐν</span> <span class='ocrx_word' id='word_1_241' title='bbox 593 2494 719 2576; x_wconf 84' lang='grc' dir='ltr'>ὀλίγοισι</span> <span class='ocrx_word' id='word_1_242' title='bbox 730 2496 829 2575; x_wconf 81' lang='grc' dir='ltr'>μέγαν·</span> <span class='ocrx_word' id='word_1_243' title='bbox 851 2496 914 2554; x_wconf 87' lang='grc' dir='ltr'>ἔστι</span> <span class='ocrx_word' id='word_1_244' title='bbox 926 2494 959 2555; x_wconf 86' lang='grc' dir='ltr'>δέ</span> <span class='ocrx_word' id='word_1_245' title='bbox 972 2494 993 2571; x_wconf 78' lang='grc' dir='ltr'><em>ἦ</em></span> 
     </span>
     <span class='ocr_line' id='line_1_29' title="bbox 188 2578 992 2661; baseline 0 -20"><span class='ocrx_word' id='word_1_246' title='bbox 188 2580 275 2660; x_wconf 82' lang='grc' dir='ltr'>κρήνη</span> <span class='ocrx_word' id='word_1_247' title='bbox 290 2580 360 2657; x_wconf 81' lang='grc' dir='ltr'>αὕτη</span> <span class='ocrx_word' id='word_1_248' title='bbox 376 2586 406 2640; x_wconf 90' lang='grc' dir='ltr'>ἐν</span> <span class='ocrx_word' id='word_1_249' title='bbox 421 2579 531 2658; x_wconf 77' lang='grc' dir='ltr'>οὔροισι</span> <span class='ocrx_word' id='word_1_250' title='bbox 551 2581 643 2661; x_wconf 83' lang='grc' dir='ltr'>χώρης</span> <span class='ocrx_word' id='word_1_251' title='bbox 655 2585 706 2658; x_wconf 83' lang='grc' dir='ltr'>τῆς</span> <span class='ocrx_word' id='word_1_252' title='bbox 718 2606 749 2639; x_wconf 91' lang='grc' dir='ltr'>τε</span> <span class='ocrx_word' id='word_1_253' title='bbox 762 2578 906 2657; x_wconf 86' lang='grc' dir='ltr'>άροτήρων</span> <span class='ocrx_word' id='word_1_254' title='bbox 919 2582 992 2644; x_wconf 80' lang='grc' dir='ltr'>Σκυ-</span> 
     </span>
     <span class='ocr_line' id='line_1_30' title="bbox 185 2667 993 2747; baseline -0.001 -17"><span class='ocrx_word' id='word_1_255' title='bbox 185 2670 255 2731; x_wconf 87' lang='grc' dir='ltr'>θέων</span> <span class='ocrx_word' id='word_1_256' title='bbox 269 2669 317 2729; x_wconf 87' lang='grc' dir='ltr'>καῖ</span> <span class='ocrx_word' id='word_1_257' title='bbox 330 2667 503 2741; x_wconf 77' lang='grc' dir='ltr'>Ἀλαζώνων·</span> <span class='ocrx_word' id='word_1_258' title='bbox 525 2668 632 2747; x_wconf 81' lang='grc' dir='ltr'>οὕνομα</span> <span class='ocrx_word' id='word_1_259' title='bbox 647 2668 677 2727; x_wconf 88' lang='grc' dir='ltr'>δέ</span> <span class='ocrx_word' id='word_1_260' title='bbox 693 2671 729 2747; x_wconf 74' lang='grc' dir='ltr'>τῇ</span> <span class='ocrx_word' id='word_1_261' title='bbox 746 2667 841 2747; x_wconf 85' lang='grc' dir='ltr'>κρήνη,</span> <span class='ocrx_word' id='word_1_262' title='bbox 858 2669 906 2727; x_wconf 86' lang='grc' dir='ltr'>καὶ</span> <span class='ocrx_word' id='word_1_263' title='bbox 924 2668 993 2729; x_wconf 83' lang='grc' dir='ltr'>ὅθεν</span> 
     </span>
     <span class='ocr_line' id='line_1_31' title="bbox 185 2751 994 2838; baseline -0.001 -21"><span class='ocrx_word' id='word_1_264' title='bbox 185 2759 242 2837; x_wconf 80' lang='grc' dir='ltr'>ῥέει</span> <span class='ocrx_word' id='word_1_265' title='bbox 253 2762 292 2838; x_wconf 78' lang='grc' dir='ltr'>τῷ</span> <span class='ocrx_word' id='word_1_266' title='bbox 303 2756 393 2838; x_wconf 73' lang='grc' dir='ltr'>χοίρῳ,</span> <span class='ocrx_word' id='word_1_267' title='bbox 407 2757 542 2823; x_wconf 82' lang='grc' dir='ltr'>Σκυθιστὶ</span> <span class='ocrx_word' id='word_1_268' title='bbox 554 2759 607 2834; x_wconf 85' lang='grc' dir='ltr'>μὲν</span> <span class='ocrx_word' id='word_1_269' title='bbox 618 2751 799 2833; x_wconf 81' lang='grc' dir='ltr'>Ἐξαμπαῖος,</span> <span class='ocrx_word' id='word_1_270' title='bbox 809 2755 881 2815; x_wconf 80' lang='grc' dir='ltr'>κατά</span> <span class='ocrx_word' id='word_1_271' title='bbox 894 2755 925 2815; x_wconf 87' lang='grc' dir='ltr'>δέ</span> <span class='ocrx_word' id='word_1_272' title='bbox 937 2756 994 2833; x_wconf 78' lang='grc' dir='ltr'>τήν</span> 
     </span>
     <span class='ocr_line' id='line_1_32' title="bbox 184 2841 993 2927; baseline -0.009 -19"><span class='ocrx_word' id='word_1_273' title='bbox 184 2846 330 2923; x_wconf 84' lang='grc' dir='ltr'>Ἑλλήνων</span> <span class='ocrx_word' id='word_1_274' title='bbox 338 2850 477 2927; x_wconf 81' lang='grc' dir='ltr'>γλῶσσαν</span> <span class='ocrx_word' id='word_1_275' title='bbox 489 2843 561 2921; x_wconf 83' lang='grc' dir='ltr'>Ἱραὶ</span> <span class='ocrx_word' id='word_1_276' title='bbox 574 2842 644 2903; x_wconf 88' lang='grc' dir='ltr'>ὀδοί·</span> <span class='ocrx_word' id='word_1_277' title='bbox 665 2842 821 2927; x_wconf 87' lang='grc' dir='ltr'>συνάγουσι</span> <span class='ocrx_word' id='word_1_278' title='bbox 834 2842 865 2901; x_wconf 87' lang='grc' dir='ltr'>δέ</span> <span class='ocrx_word' id='word_1_279' title='bbox 876 2841 914 2903; x_wconf 80' lang='grc' dir='ltr'>τά</span> <span class='ocrx_word' id='word_1_280' title='bbox 927 2843 993 2920; x_wconf 92' lang='grc' dir='ltr'>τέρ-</span> 
     </span>
     <span class='ocr_line' id='line_1_33' title="bbox 185 2928 993 3011; baseline -0.004 -18"><span class='ocrx_word' id='word_1_281' title='bbox 185 2944 262 3011; x_wconf 86' lang='grc' dir='ltr'>ματα</span> <span class='ocrx_word' id='word_1_282' title='bbox 278 2935 294 2995; x_wconf 84' lang='grc' dir='ltr'>ὀ</span> <span class='ocrx_word' id='word_1_283' title='bbox 309 2961 340 2995; x_wconf 92' lang='grc' dir='ltr'>τε</span> <span class='ocrx_word' id='word_1_284' title='bbox 357 2933 448 3011; x_wconf 81' lang='grc' dir='ltr'>Τύρης</span> <span class='ocrx_word' id='word_1_285' title='bbox 463 2933 510 2991; x_wconf 87' lang='grc' dir='ltr'>καὶ</span> <span class='ocrx_word' id='word_1_286' title='bbox 527 2932 544 2992; x_wconf 81' lang='grc' dir='ltr'>ὅ</span> <span class='ocrx_word' id='word_1_287' title='bbox 557 2930 677 2995; x_wconf 82' lang='grc' dir='ltr'>Ὕπανις</span> <span class='ocrx_word' id='word_1_288' title='bbox 690 2930 761 2990; x_wconf 78' lang='grc' dir='ltr'>κατέῖ</span> <span class='ocrx_word' id='word_1_289' title='bbox 772 2928 941 3002; x_wconf 83' lang='grc' dir='ltr'>Ἀλάζωνας,</span> <span class='ocrx_word' id='word_1_290' title='bbox 956 2931 993 2990; x_wconf 86' lang='grc' dir='ltr'>τό</span> 
     </span>
     <span class='ocr_line' id='line_1_34' title="bbox 186 3016 992 3099; baseline 0 -20"><span class='ocrx_word' id='word_1_291' title='bbox 186 3020 216 3079; x_wconf 82' lang='grc' dir='ltr'>δὲ</span> <span class='ocrx_word' id='word_1_292' title='bbox 229 3021 285 3083; x_wconf 88' lang='grc' dir='ltr'>οἷπό</span> <span class='ocrx_word' id='word_1_293' title='bbox 298 3021 405 3091; x_wconf 85' lang='grc' dir='ltr'>τούτου,</span> <span class='ocrx_word' id='word_1_294' title='bbox 419 3019 601 3097; x_wconf 76' lang='grc' dir='ltr'>ἀποστρέψας</span> <span class='ocrx_word' id='word_1_295' title='bbox 614 3016 742 3095; x_wconf 79' lang='grc' dir='ltr'>ἑκάτερος</span> <span class='ocrx_word' id='word_1_296' title='bbox 754 3018 810 3095; x_wconf 86' lang='grc' dir='ltr'>ῥέει</span> <span class='ocrx_word' id='word_1_297' title='bbox 823 3016 944 3099; x_wconf 82' lang='grc' dir='ltr'>εύρύνων</span> <span class='ocrx_word' id='word_1_298' title='bbox 956 3018 992 3079; x_wconf 86' lang='grc' dir='ltr'>τό</span> 
     </span>
     <span class='ocr_line' id='line_1_35' title="bbox 182 3108 283 3173; baseline 0 -9"><span class='ocrx_word' id='word_1_299' title='bbox 182 3108 283 3173; x_wconf 87' lang='grc' dir='ltr'>μέσον.</span> 
     </span>
    </p>

    <p class='ocr_par' dir='ltr' id='par_1_16' title="bbox 61 3189 994 3353">
     <span class='ocr_line' id='line_1_36' title="bbox 61 3189 993 3273; baseline 0.006 -28"><span class='ocrx_word' id='word_1_300' title='bbox 61 3248 70 3263; x_wconf 56' lang='lat'>‚</span> <span class='ocrx_word' id='word_1_301' title='bbox 137 3191 177 3247; x_wconf 83' lang='lat'>53</span> <span class='ocrx_word' id='word_1_302' title='bbox 217 3192 399 3268; x_wconf 77' lang='grc' dir='ltr'>Τέταρτος-δὲ</span> <span class='ocrx_word' id='word_1_303' title='bbox 416 3191 594 3267; x_wconf 86' lang='grc' dir='ltr'>Βορυσθένης</span> <span class='ocrx_word' id='word_1_304' title='bbox 611 3189 748 3266; x_wconf 84' lang='grc' dir='ltr'>ποταμός·</span> <span class='ocrx_word' id='word_1_305' title='bbox 769 3190 801 3254; x_wconf 88' lang='grc' dir='ltr'>ὅς</span> <span class='ocrx_word' id='word_1_306' title='bbox 814 3194 875 3252; x_wconf 84' lang='grc' dir='ltr'>ἐστι</span> <span class='ocrx_word' id='word_1_307' title='bbox 888 3192 993 3273; x_wconf 85' lang='grc' dir='ltr'>μέγισ-</span> 
     </span>
     <span class='ocr_line' id='line_1_37' title="bbox 184 3274 994 3353; baseline 0.011 -21"><span class='ocrx_word' id='word_1_308' title='bbox 184 3274 232 3335; x_wconf 83' lang='grc' dir='ltr'>τίς</span> <span class='ocrx_word' id='word_1_309' title='bbox 251 3301 282 3335; x_wconf 89' lang='grc' dir='ltr'>τε</span> <span class='ocrx_word' id='word_1_310' title='bbox 302 3276 381 3351; x_wconf 72' lang='grc' dir='ltr'>μετά</span> <span class='ocrx_word' id='word_1_311' title='bbox 395 3275 511 3352; x_wconf 83' lang='grc' dir='ltr'>Ἴστρον</span> <span class='ocrx_word' id='word_1_312' title='bbox 531 3274 645 3345; x_wconf 89' lang='grc' dir='ltr'>τούτων,</span> <span class='ocrx_word' id='word_1_313' title='bbox 670 3277 717 3335; x_wconf 87' lang='grc' dir='ltr'>καὶ</span> <span class='ocrx_word' id='word_1_314' title='bbox 739 3279 994 3353; x_wconf 85' lang='grc' dir='ltr'>πολυαρκέστατος</span> 
     </span>
    </p>
   </div>
   <div class='ocr_carea' id='block_1_2' title="bbox 0 0 1089 3500">
    <p class='ocr_par' dir='ltr' id='par_1_17' title="bbox 0 0 1089 3500">
     <span class='ocr_line' id='line_1_38' title="bbox 0 0 1089 3500; baseline 0 0"><span class='ocrx_word' id='word_1_315' title='bbox 0 0 1089 3500; x_wconf 95' lang='lat' dir='ltr'> </span> 
     </span>
    </p>
   </div>
  </div>
 </body>
</html>
