2150 3500
176 138 225 186 ιιι
485 137 672 187 Ἧκοοουοι·
934 134 989 200 [11.

130 214 168 275 62
175 214 262 285 ξεῖνοι
274 215 321 274 καὶ
333 212 384 275 ούκ
400 215 560 297 Αἰγύπτιοι.
599 215 653 279 Ἐς,
665 213 735 281 Σάϊν
748 215 778 276 δέ
794 213 886 275 πόλιν
901 215 992 276 ἐπεοῖν

176 302 375 382 συλλεχθέωσι
386 305 458 381 τῇσι
470 304 597 382 θυσίῃσι,
612 304 641 364 ἐν
652 328 708 363 τινι
720 303 797 362 νυκτὶ
814 302 913 382 λύχνα
931 303 991 362 καί·

95 413 98 415 ’
176 415 242 451 ουσι
254 389 356 454 πάντες
368 390 467 450 πολλά
479 389 613 467 ύπαίθρια
625 390 691 467 περὶ
702 389 739 450 τά
752 389 868 466 δώματα
882 389 990 469 κύκλῳ·

178 478 216 539 τά
228 479 258 538 δέ
270 477 362 558 λύχνα
375 477 437 538 ἐστὶ
454 477 587 557 ἐμβάφια
602 479 712 555 ἔμπλεα
725 476 794 541 άλός
810 477 860 536 καὶ
878 478 990 537 ἐλαίου·

177 569 316 643 ἐπιπολῆς
335 566 366 627 δέ
381 567 479 626 ἔπεστι
497 565 565 627 αύτδ
582 564 615 626 τό
634 564 790 645 ἐλλύχνιον.
833 564 883 624 καὶ
901 569 990 626 τοῦτο

178 655 285 715 καίεται
297 653 459 733 παννύχιον·
480 653 528 715 καὶ
540 657 576 732 τῇ
594 651 664 732 ὁρτῇ
678 652 784 730 οὕνομα
802 652 897 713 κέεται
910 659 989 733 Λυχ-

177 743 285 819 νοκαίη·
306 742 333 802 οἳ
353 741 377 801 δ’
394 741 429 802 ἂν
446 740 487 819 μή
509 742 615 802 ἔλθωσι
633 743 688 801 τῷν
706 741 868 820 Αἰγυπτίων
887 744 917 804 ἐς
937 741 990 817 τῷν

178 829 333 911 πανάγυριν
352 829 464 906 ταύτην,
478 829 678 906 φυλάσσοντες
697 827 749 904 τῷν
766 828 853 890 νύκτα
873 832 929 904 τῆς
943 829 989 889 θυ-

178 918 244 994 σίης
256 917 368 978 καίουσι
381 917 428 977 καὶ
440 916 521 978 αύτοὶ
534 916 639 981 πάντες
650 915 688 976 τά
707 915 809 996 λύχνα.
851 917 901 974 καὶ
916 915 990 976 οὕτω

179 1003 229 1065 ούκ
256 1010 286 1065 ἐν
313 1003 367 1071 Σάῖ
389 1004 479 1084 μούνῃ
503 1005 618 1078 καίεται,
641 1003 718 1064 ἀλλὰ
741 1004 787 1063 καὶ
810 1001 865 1064 εἶναὶ
887 1008 990 1064 πᾶσαν

179 1093 333 1174 Αἴγυπτον.
373 1091 438 1154 ὅτευ
457 1093 488 1153 δέ
508 1094 599 1153 εἵνεκα
616 1096 677 1170 φῶς
692 1094 777 1170 ἐλαχε
793 1091 840 1150 καὶ
859 1091 951 1168 τιμήν
969 1084 989 1167 ἦ

182 1179 234 1251 νύξ
258 1179 337 1258 αὕτη,
358 1182 421 1242 ἐστι
441 1180 501 1259 ἶρδς
524 1184 590 1259 περὶ
609 1180 693 1242 αὐτοῦ
714 1179 802 1260 λόγος
820 1178 988 1262 λεγόμενος.

133 1267 228 1333 63Ὲς
253 1268 284 1330 δὲ
306 1269 409 1330 Ἡλίου
428 1267 514 1330 πόλιν
537 1271 584 1330 καὶ
607 1271 730 1330 Βουτοῦν
754 1267 854 1332 θυσίας
880 1267 988 1344 μούνας

181 1358 359 1419 ἐπιτελέουσι
371 1358 541 1435 φοιτέοντες.
582 1363 612 1419 ἐν
625 1358 655 1418 δὲ
667 1354 806 1434 Παπρήμι
819 1355 922 1418 θυσίας
934 1358 989 1434 μέν

182 1445 230 1504 καὶ
245 1445 300 1523 ἱρά,
319 1445 443 1523 κατάπερ
463 1445 510 1504 καὶ
528 1447 566 1523 τῇ
581 1444 667 1524 άλλη,
685 1447 808 1505 ποιεῦσι·
829 1442 884 1504 εὖτ’
903 1441 941 1504 ἂν
957 1445 988 1504 δέ

180 1531 293 1612 γίνηται
319 1534 480 1610 καταφερὴς
499 1530 516 1594 ό
537 1531 627 1608 ἥλιος,
648 1531 741 1613 ὀλίγοι
763 1531 816 1608 μέν
834 1556 909 1595 τινες
930 1536 988 1592 τῶν

181 1619 260 1695 ἐρέων
272 1620 337 1697 περὶ
348 1619 486 1700 τῶγαλμα
498 1621 676 1681 πεπονέαται·
691 1622 718 1679 οἶ
730 1618 761 1678 δὲ
773 1618 881 1679 πολλοὶ
893 1617 986 1682 αύτῷν

181 1704 272 1777 ξύλων
285 1705 403 1784 κορύνας
415 1707 526 1787 ἔχοντες
539 1711 641 1769 ἑστᾶσι
653 1710 703 1769 τοῦ
721 1709 783 1785 ἱροῦ
796 1711 825 1769 ἐν
834 1710 871 1787 τῇ
885 1707 985 1788 ἐσόδῳ,

181 1792 269 1854 ἄλλοι
302 1795 333 1853 δὲ
366 1792 492 1875 εύχωλοῖς
518 1797 713 1868 ἐπιτελέοντες,
740 1798 859 1860 πλεῦνες
884 1796 986 1875 χιλίων

183 1879 290 1960 άνδρῶν
299 1881 422 1954 ἕκαστοι,
434 1883 544 1962 ἔχοντες
556 1883 628 1953 ξύλα
641 1883 688 1943 καὶ
700 1880 785 1953 οὗτοι,
795 1883 842 1943 ἐπὶ
852 1883 891 1942 τοὶ
905 1883 986 1961 ἔτερα

181 1967 264 2035 άλέες
272 1972 384 2031 ἐστᾶσι.
397 1970 432 2032 τδ
445 1971 475 2031 δέ
484 1969 601 2053 ἄγαλμα
615 1971 661 2033 ἐόν
671 1975 700 2031 ἐν
713 1973 768 2049 νηῷ
779 1972 869 2049 μικρῷ
882 1972 985 2051 ξυλίνῳ

182 2059 453 2140 κατακεχρυσωμένῳ
474 2060 710 2137 προεκκομίζουσι
728 2064 765 2137 τῇ
781 2059 937 2139 προτεραίῃ
958 2065 985 2123 ἐς
1053 2058 1054 2096 λ

182 2145 258 2209 ἄλλο
268 2149 371 2225 οἴκημα
384 2146 454 2224 ἱρόν·
473 2150 500 2210 οἱ
512 2150 565 2225 μέν
577 2147 612 2224 δῷ
625 2147 718 2229 ὀλίγοι
731 2150 759 2207 οἱ
770 2147 834 2224 περὶ
845 2145 985 2227 τῶγαλμα

182 2236 362 2314 λελειμμένοι
379 2235 496 2297 ἕλκουσι
514 2234 702 2315 τετράκυκλον
717 2232 835 2313 ἅμαξαν,
856 2233 984 2316 ἄγουσαν

182 2322 234 2384 τόν
249 2323 317 2399 νηόν
332 2348 365 2385 τε
381 2324 429 2383 καὶ
442 2323 477 2385 τό
495 2328 526 2385 ἐν
540 2327 579 2403 τῷ
596 2327 652 2403 νηῷ
667 2321 743 2384 ἐνεόν
760 2318 887 2403 ἄγαλμα·
908 2326 937 2383 οἶ
954 2324 984 2383 δὲ
1053 2320 1054 2349 ³

184 2408 236 2468 οόκ
254 2413 331 2481 ε’ὢσι,
349 2415 379 2470 ἐν
394 2414 472 2472 τοῖσι
488 2412 693 2489 προπυλαίοισι
708 2412 847 2482 ἐστεῶτες,
867 2410 983 2472 ἐσιέναι·

183 2498 212 2556 οἶ
236 2495 267 2555 δὲ
293 2496 483 2575 εὐχωλιμαῖοι,
508 2501 689 2577 τιμωρέοντες
713 2501 752 2577 τῷ
778 2497 839 2577 θεῷ,
865 2499 984 2560 παίουσι
1053 2498 1054 2588 φ

182 2580 283 2645 αύτούς
295 2582 489 2661 ἀλεξομένους·
516 2586 635 2648 ἐνθαῦτα
647 2586 726 2667 μάχη
736 2584 851 2656 ξύλοισι
863 2587 982 2665 καρτερὴ
1053 2594 1054 2597 ’

183 2670 299 2752 γίνεται·
332 2670 461 2747 κεφαλάς
485 2698 517 2733 τε
544 2672 780 2752 συναράσσονται,
803 2674 849 2734 καὶ
873 2672 910 2739 οἷς
929 2676 982 2757 ἐγά
1053 2668 1054 2671 ¹

183 2758 277 2831 δοκέω,
292 2760 399 2821 πολλοὶ
414 2760 461 2821 καὶ
474 2759 688 2838 όποθιτὶσκουσι
703 2766 735 2823 ἐκ
751 2765 806 2823 τῶν
822 2762 982 2840 τρωμάτων·

183 2846 217 2908 ού
240 2849 338 2927 μέντοι
363 2848 394 2917 οἵ
416 2873 451 2929 γε
478 2848 629 2930 Αἰγύπτιαι
656 2851 769 2927 ἐφασαν
794 2848 983 2928 ἀποθνήσκειν
1053 2846 1054 2883 ³

137 2936 176 2997 64
184 2934 291 2999 οὐδένα.
331 2935 389 3013 Τήν
402 2935 433 2996 δέ
445 2936 600 3017 πανήγυριν
612 2936 715 3014 ταύτην
729 2941 759 2996 ἐκ
774 2936 856 2997 τοῦδε
868 2938 983 3015 νομίσαι
1053 2932 1054 2971 ³

184 3025 259 3098 φασὶ
285 3026 313 3085 οἶ
334 3022 486 3103 ἐπιχάριοι·
521 3022 620 3084 οἰκέειν
640 3028 669 3085 ἐν
689 3027 728 3103 τῷ
751 3026 800 3103 ἱρῷ
821 3023 911 3104 τούτῳ
932 3029 982 3086 τοῦ

177 3107 279 3187 Ἀρεος
289 3110 342 3187 τήν
358 3111 476 3189 μητέρα·
497 3110 544 3170 καὶ
559 3109 708 3187 τδνἈρεα
725 3110 890 3189 ἀπότροφον
906 3112 982 3193 γενό·

183 3220 276 3270 μενον,
290 3199 381 3259 ἐλθεῖν
394 3196 598 3275 ἐξανδρωμένον
613 3197 746 3257 ἐθελοντα
762 3202 799 3277 τῇ
813 3198 899 3276 μητρὶ
912 3224 982 3277 συμ·
1053 3228 1054 3231 “

183 3281 271 3356 μίξαι·
292 3285 339 3344 καὶ
350 3284 417 3349 τούς
428 3284 591 3361 προπόλους
599 3287 650 3359 τῆς
661 3284 774 3363 μητρός,
788 3284 834 3345 οἶα
847 3283 898 3345 οὐκ
911 3284 980 3347 όπω·
