2150 3500
165 89 214 137 ιιι
484 86 667 138 Ἧυοκουου
895 80 968 149 [lm

164 169 313 243 τριηκόσια
320 167 446 229 τάλαντα
453 168 543 245 φόρος
549 166 593 243 ἦν·
607 166 690 243 νομδς
698 167 868 229 δυωδέκατος
875 164 971 231 οὗτος.

119 252 237 313 93Ἀτδ
256 258 416 331 Πακτυϊκῆς
436 256 474 324 δὲ,
492 256 539 314 καὶ
556 254 713 331 Ἀρμενίων,
735 255 782 313 καὶ
801 258 859 314 τῶν
878 280 973 330 προσ·
1052 261 1054 280 “

167 343 251 421 εχέων
274 343 358 421 μέχρι
378 347 428 402 τοῦ
444 341 548 402 πόντου
566 346 616 401 τοῦ
635 342 776 411 Εὐξείνου,
797 341 974 419 τετρωεόσια

166 429 299 489 τάλαντα·
321 429 513 507 νομδξτρίτος
532 430 579 488 καὶ
595 430 708 493 δέκατος
727 426 818 492 οὗτος.
861 428 924 489 άπδ
942 428 974 487 δὲ
1052 461 1054 490 ε

168 516 336 599 Σαγαρτίων,
364 518 410 575 καὶ
439 517 616 599 Σαραγγέων,
642 517 690 575 καὶ
715 517 908 593 Θαμαναίων,
926 517 974 575 καὶ

169 604 283 676 Οὐτίων,
301 606 346 663 καὶ
362 605 473 673 Μύκων,
490 605 607 664 καὶτῶν
627 610 656 664 ἐν
675 608 744 683 τῇσι
763 604 883 680 νήσοισι
902 608 973 663 οἶκε·

168 692 253 752 όντων
272 696 328 751 τῶν
350 698 378 753 ε’ν
398 696 434 770 τῇ
454 690 577 770 Ἐρυθρῇ
599 690 743 770 θαλάσσῃ,
765 697 795 752 ε’ν
814 695 887 771 τῇσι
907 690 974 753 τους

168 779 367 843 ἀνασπάστους
382 781 566 856 καλεομένους
582 779 731 849 κατοικίζει
747 778 900 854 βασιλευς,
915 777 974 839 dm*
1052 837 1054 854 ς

166 867 270 926 τούτων
292 866 402 927 πάντων
429 855 713 947 ἔξακόσιατολαντα
736 867 843 947 ἐγένετο
871 866 973 943 φόρος·
1052 857 1054 864 ¹

168 955 252 1031 νομός
273 956 404 1032 τέταρτος
427 956 473 1013 καὶ
494 946 609 1017 δέκατος
629 951 716 1017 οὗτος.
759 952 852 1019 Σάκαι
873 954 906 1013 δὲ
927 955 975 1014 καὶ

168 1042 296 1102 Κάσπιοι
311 1042 482 1118 πεντήκοντα
493 1042 544 1101 ’καὶ
562 1040 691 1117 διηκόσια
706 1040 817 1122 άγίνεον
832 1041 974 1101 τάλαντα·
1052 1047 1054 1054 '

169 1130 254 1208 νομός
269 1132 396 1207 πέμπτος
415 1129 461 1188 καὶ
477 1129 590 1193 δέκατος
610 1126 699 1191 οὗτος.
734 1128 848 1205 Πάρθοι
868 1130 909 1200 δὲ,
927 1130 975 1189 καὶ
1052 1191 1054 1194 ,

169 1218 337 1299 Χοράσμιοι,
363 1218 409 1277 καὶ
433 1216 535 1297 Σόγδοι
558 1244 590 1277 τε
613 1217 659 1275 καὶ
677 1215 795 1293 Ἀρειοι,
818 1216 975 1294 τριηκόσια
1052 1217 1054 1282 ἔ

122 1308 160 1366 94
168 1306 302 1367 τάλαντα·
318 1306 402 1383 νομός
416 1306 492 1367 ἕκτος
505 1304 552 1363 καὶ
561 1305 674 1367 δέκατος
684 1302 773 1367 οὗτος.
802 1304 974 1381 Παρικάνιοι

170 1394 208 1466 δὲ,
226 1395 271 1453 καὶ
291 1395 422 1457 Αἰθίοπες
441 1395 468 1452 αἱ
489 1398 520 1451 ἐκ
539 1396 591 1467 τῆς
609 1391 716 1468 Ἀσίης,
732 1391 904 1469 τετρακόσια
925 1393 973 1453 τά·

120 1552 123 1558 ¹
170 1486 259 1542 λαντα
273 1483 433 1564 ἀπαγίνεον·
453 1480 539 1557 νομδς
552 1480 675 1557 ἕβδομος
687 1481 733 1539 καὶ
750 1480 865 1543 δέκατος
878 1477 973 1545 οὗτος.
1052 1527 1054 1538 .

172 1574 342 1645 Ματιηνοῖσι
359 1570 396 1637 δὲ,
411 1569 457 1627 καὶ
475 1568 645 1645 Σάσπειρσι,
659 1567 706 1627 καὶ
719 1568 919 1645 Ἀλαροδίοισι
934 1569 973 1628 δι·

169 1655 272 1731 ηκόσια
282 1656 445 1716 ἐπετέτακτο
452 1656 586 1716 τάλαντα·
596 1654 684 1733 νομός
693 1655 792 1737 ὄγδοος
799 1656 846 1714 καὶ
855 1656 973 1720 δέκατος

169 1739 258 1806 οὗτος.
287 1742 437 1822 Μόσχοισι
447 1744 484 1816 δὲ,
496 1744 543 1803 καὶ
551 1745 748 1822 Τιβαρηνοῖσι,
759 1743 806 1802 καὶ
819 1743 971 1821 Μάκρωσι,

169 1830 215 1889 καὶ
237 1831 452 1903 Μοσυνοίκοισι,
474 1833 520 1891 καὶ
543 1834 652 1908 Μαρσὶ,
672 1831 820 1910 τριηκόσια
842 1831 973 1892 τάλαντα

168 1920 326 1998 προείρητο·
346 1919 432 1997 νομός
445 1920 551 1982 εἴνατος
564 1920 738 2004 καῖ-δέκατος
751 1917 841 1982 οὗτος.
875 1917 973 1980 Ἰνδῶν
1052 1926 1054 1945 “

170 2005 200 2066 δὲ
209 2007 319 2085 πλῆθός
331 2033 362 2068 τε
375 2011 474 2086 πολλῷ
483 2006 623 2066 πλεῖστόν
632 2013 694 2066 ε’στι
707 2006 816 2066 πάντων
824 2008 881 2066 τῶν
888 2006 972 2083 ἡμεῖς

169 2095 247 2173 ἴδμεν
265 2096 422 2175 ἀνθρώπων,
437 2095 482 2155 καὶ
499 2093 591 2172 φόρον
605 2094 755 2176 ἀπαγίνεον
772 2093 843 2171 ’τρδς
861 2094 971 2160 πάντας

169 2182 234 2247 τούς
252 2183 366 2253 ἄλλους,
380 2184 512 2260 ἑξήκοντα
528 2182 575 2241 καὶ
591 2181 740 2260 τριηκόσια
756 2182 884 2244 τάλαντα
896 2183 970 2264 ψήγ-

122 2273 160 2330 95
169 2297 266 2347 ματος·
287 2271 372 2348 νομός
390 2271 515 2334 εἰκοστός
533 2268 623 2333 οὗτος.
658 2269 697 2329 Τδ
715 2269 817 2347 μὲνδὴ
836 2269 970 2351 ἀργύριον

169 2358 202 2416 τδ
219 2359 403 2434 Βαβυλώνιον
420 2359 490 2436 πρδς
506 2357 541 2418 τδ
556 2357 699 2435 Εὐβοϊκόν
711 2357 969 2435 συμβαλλεόμκνον

168 2444 307 2504 τάλαντον
322 2447 428 2526 γίνεται
443 2446 651 2523 τεσσεράκοντα
669 2447 715 2504 καὶ
732 2445 904 2506 πεντακόσια
922 2446 968 2505 καὶ

171 2532 357 2610 εἰνακισχίλια
379 2533 513 2592 τάλαντα.
553 2533 588 2593 τδ
614 2533 645 2592 δὲ
668 2533 788 2612 χρυσίον
811 2533 967 2610 τρισκαιδε-

171 2617 325 2678 καστάσιον
349 2619 537 2702 λογιζόμενον,
558 2618 592 2680 τδ
617 2624 718 2702 ψῆγμα
738 2619 899 2696 ,εὖρίσκεται
920 2619 968 2680 ε’δν

170 2707 318 2785 Εὐβοϊκῶν
336 2706 480 2768 ταλάντων
500 2706 658 2787 ὄγδοίκοντα
678 2708 724 2767 καὶ
747 2707 898 2776 ἑξακοσίων
920 2708 967 2767 καὶ

170 2795 407 2874 τετρακισχιλίων.
437 2794 542 2855 τούτων
556 2793 592 2854 ὦν
604 2795 714 2855 πάντων
723 2794 925 2872 συντιθεμένων
932 2794 966 2856 τό

168 2885 285 2957 πλῆθος,
294 2883 423 2959 Εὐβοϊκὰ
432 2882 557 2941 τάλαντα
570 2882 737 2961 συνελέγετο
747 2887 775 2944 ἒς
783 2881 833 2942 τδν
843 2883 966 2943 ἐπέτειον

169 2967 259 3043 φόρον
278 2971 386 3047 Δαρείῳ
405 2968 491 3045 μόρια
509 2969 555 3026 καὶ
572 2970 785 3047 τετρακισχίλια
802 2969 850 3028 καὶ
867 2994 965 3029 πεντα-

169 3052 253 3111 κόσια
265 3054 311 3111 καὶ
324 3055 466 3129 ἑξήκοντα·
480 3054 514 3113 τδ
528 3053 551 3112 δ’
561 3054 602 3112 ἔτι
614 3053 718 3114 τούτων
728 3057 856 3116 ἔλασσον
868 3055 965 3128 α’πιεῖς,

122 3133 159 3195 96
169 3135 200 3192 οὗ
216 3139 299 3216 λέγω.
335 3139 425 3201 Οὗτος
438 3139 546 3217 Δαρείιρ
558 3141 678 3215 προσήῖε
692 3141 781 3218 φόρος
796 3141 855 3202 άπό
868 3168 900 3202 τε
916 3148 966 3220 τῆς

167 3215 267 3296 Ἀσίης
283 3224 330 3281 καὶ
345 3229 396 3301 τῆς
409 3225 520 3301 Λιβύης
537 3224 716 3302 ὀλιγαχόθεν·
736 3228 886 3304 προϊόντος
903 3230 965 3308 μέν·
