2150 3500
136 97 151 142 2
437 98 617 148 Ἡτοαοαοι
898 97 937 161 [1.

134 171 165 232 δὲ
182 177 211 238 ἐς
227 175 280 250 τήν
297 177 346 238 νέα
364 177 493 256 οἴχεσθαι
509 176 703 242 ἀποπλέοντας
721 175 764 237 ἐπ’
781 175 938 258 Αἰγώπταυ.

101 259 120 318 2
136 258 217 320 Οὕτω
229 265 282 339 μὲν
293 262 367 325 Ἰοῦν
377 269 406 328 ἐς
417 265 561 346 Αἴγυπτον
570 264 721 326 ἀπικέσθαι
731 265 849 344 λέγουσι
862 265 939 341 Πέρ-

134 373 192 418 σαι,
215 349 265 409 οὐκ
285 349 321 415 οἷς
339 351 487 429 Ἕλληνες·
515 353 636 414 καὶτῶν
657 350 831 429 ἀδικημάτων
850 355 938 412 τοῦτο

133 433 215 511 ἄρξαι
236 440 356 515 πρῶτον·
376 439 448 516 μετὰ
468 439 498 499 δὲ
517 444 614 510 ταῦτα,
632 438 777 515 Ἑλλήνων
796 437 874 502 τινάς
888 437 938 519 (οὗ

132 522 188 602 γάρ
199 524 296 604 ἔχουσι
305 525 429 604 τοῦνομα
439 525 656 609 ἀπηγήσασθαι)
666 527 740 604 φασὶ
749 530 800 602 τῆς
806 526 937 602 Φοινίκης

133 614 162 674 ἐς
184 611 275 689 Τύρον
294 613 481 694 προσχόντας,
503 613 638 692 ἀρπάσαί
650 618 701 674 τοῦ
723 613 864 690 βασιλέος
881 613 937 691 τήν

133 697 272 780 θυγατέρα
291 701 438 780 Εὐρώπην·
463 703 575 785 (εἴησαν
597 702 620 762 δ’
645 699 679 763 εἰν
700 699 777 762 οὗτοι
800 703 934 782 Κρῆτες)

131 791 220 847 ταῦτα
239 789 291 864 μὲν
309 789 343 866 δὴ
360 791 411 850 ’ίσα
426 797 482 866 σφι
502 789 573 867 πρός
587 790 639 850 ’ίσα
655 789 797 870 γενέσθαι·
816 787 888 865 μετά
903 789 942 848 δὲ’
1000 841 1004 845 .

131 877 227 945 ταῦτα,
239 875 385 952 Ἕλληνας
405 873 509 940 αἰτίους
522 880 574 953 τῆς
588 876 716 954 δευτέρης
736 875 841 952 ἀδικίης
858 877 934 957 γενέ-

133 960 212 1021 σθαι·
229 962 468 1028 καταπλώσαντας
480 962 536 1045 γάρ
549 966 645 1042 μακρῇ
657 963 703 1038 νηί
716 965 744 1025 ές
753 961 826 1023 Αἰάν
837 988 870 1022 τε
880 962 935 1039 τήν

132 1049 263 1128 Κολχίδα
274 1051 320 1109 καὶ
333 1051 379 1110 ε’πί
389 1056 482 1111 Φᾶσιν
491 1050 628 1129 ποταμόν,
640 1050 773 1120 ἐνθεῦτεν,
783 1050 935 1127 διαπρηξα·

131 1135 230 1212 μένους
243 1138 290 1196 καὶ
304 1137 400 1198 τᾶλλα
413 1143 470 1200 τῶν
483 1138 584 1200 εἵνεκεν
597 1137 725 1208 ἀπίκατο,
739 1136 867 1218 ἀρπάσαι
881 1143 935 1199 τοῦ

130 1223 270 1298 βασιλέος
286 1224 339 1301 τήν
354 1227 493 1308 θυγατέρα
511 1226 648 1303 Μήδειαν·
668 1226 819 1305 πέμψαντα
836 1225 867 1286 δὲ
881 1225 935 1287 τάν

131 1309 249 1391 Κόλχον
265 1317 292 1377 ἔς
303 1312 356 1390 τήν
368 1313 496 1374 Ἑλλάδα
509 1312 623 1392 κήρυκα,
637 1314 737 1374 αἰτέειν
749 1338 781 1373 τε
793 1313 869 1377 δίκας
881 1317 934 1390 τῆς

130 1396 259 1480 ἁρπαγης
279 1401 326 1460 καὶ
342 1400 482 1462 ἀπαιτέειν
500 1400 553 1477 τήν
571 1401 724 1482 θυγατέρα·Ι
738 1399 804 1464 τοιίς
818 1400 849 1460 δὲ
863 1402 932 1461 ὖπο-
995 1403 1000 1410 ’

132 1485 287 1563 κρίνασθαι,
302 1486 338 1551 ώς
351 1487 414 1548 οὐδὲ
427 1491 526 1548 ε’κεῖνοι
537 1486 611 1551 Ἰοῦς
627 1491 678 1563 τῆς
689 1486 817 1568 Ἀργείης
830 1486 932 1551 ἔδοσάν

130 1577 188 1648 σφι
195 1572 329 1650 δίκαςτῆς
336 1569 472 1656 ἁρπαγῆς,
481 1573 544 1634 οὐδὲ
552 1573 589 1635 ὧν
596 1573 676 1635 αάτοὶ
683 1573 783 1634 δώσειν
790 1576 930 1636 ἐκείνοισι.

98 1661 117 1721 3
133 1660 254 1739 Δευτέρη
273 1661 303 1720 δὲ
320 1662 438 1742 λέγουσι
454 1665 537 1743 γενεῇ
553 1661 626 1738 μετά
642 1666 731 1723 ταῦτα
745 1661 930 1741 Ἀλέξανδρον

129 1746 179 1807 τόν
199 1748 330 1826 Πριάμου
350 1749 490 1827 ἀκηκοότα
508 1754 610 1820 ταῦτα,
625 1750 763 1827 ἐθελῆσαί
781 1753 808 1810 οἱ
828 1756 859 1811 ἐκ
877 1756 928 1828 τῆς

130 1833 269 1899 Ἑλλάδος
279 1836 313 1897 δι’
324 1836 453 1919 ἀρπαγῆς
461 1837 594 1919 γενέσθαι
605 1842 732 1920 γυναῖκα,
743 1837 928 1916 ἐπιστάμενον

129 1921 238 1986 πάντως
251 1922 295 1984 ὅτι
309 1923 341 1983 οὗ
352 1924 435 1985 δώσει
445 1925 530 1989 δίκας·
545 1924 608 1985 οὐδὲ
620 1924 676 2006 γάρ
686 1926 803 1989 ἐκείνους
814 1925 927 1986 διδόναι·

130 2008 201 2069 οὕτω
218 2010 252 2087 δή
269 2010 448 2089 ἁρπάσαντος
466 2010 552 2072 αἰτοῦ
567 2011 692 2089 Ἑλένην,
708 2016 785 2074 τοῖσι
799 2012 928 2089 Ἕλλησι

129 2095 207 2167 δόξαι
235 2103 345 2176 πρῶτον
373 2099 537 2179 πέμψαντας
566 2098 704 2181 ἀγγέλους
730 2099 871 2161 ἀπαιτέειν
895 2126 927 2161 τε

127 2183 245 2263 Ἑλένην
270 2187 316 2245 καὶ
340 2186 416 2251 δίκας
438 2192 489 2265 τῆς
512 2187 641 2268 ἁρπαγῆς
664 2188 772 2249 αἰτέειν·
798 2186 865 2257 τούς
888 2188 926 2260 δὲ,

128 2275 340 2353 προϊσχομένων
360 2274 456 2347 ταῦτα,
477 2276 630 2353 προφέρειν
652 2282 709 2353 σφι
731 2276 857 2352 Μηδείης
873 2279 927 2352 τήν

128 2359 268 2442 ἁρπαγήν·
295 2362 331 2425 ὦς
352 2362 385 2422 οὐ
406 2362 498 2426 δόντες
519 2362 600 2422 αὐτοὶ
620 2362 697 2426 δίκας
718 2362 781 2423 οὐδὲ
803 2360 926 2427 ε’κδόντες

128 2446 320 2519 ἀπαιτεόντων,
334 2449 490 2524 βουλοίατό
503 2455 561 2526 σφι
572 2448 638 2526 παρ’
651 2448 747 2510 ἀλλων
764 2450 841 2514 δίκας
854 2450 925 2532 γίνε-

95 2534 207 2595 4σθαι.
248 2535 343 2614 Μέχρι
357 2538 410 2612 μὲν
428 2535 466 2597 ὧν
480 2536 581 2596 τούτου
597 2536 725 2617 ἀρπαγοίς
736 2536 840 2615 μούνας
857 2538 926 2598 εἰναι

126 2620 192 2699 παρ’
202 2620 346 2697 ἀλλήλων·
359 2622 394 2683 τδ
405 2623 435 2683 δὲ
448 2622 505 2683 ἀπό
518 2622 631 2695 τούτου,
636 2623 781 2700 Ἕλληνας
793 2625 828 2701 δή
840 2624 926 2705 μεγά-

125 2712 182 2772 λως
195 2710 298 2773 αἰτίους
309 2710 452 2791 γενέσθαι·
467 2712 619 2789 προτέρους
629 2711 686 2793 γάρ
697 2710 780 2790 ἀρξαι
793 2712 925 2791 στρατεύ-

123 2797 210 2858 εσθαι
228 2800 256 2861 ἐς
272 2796 324 2873 τήν
342 2796 473 2875 Ἀσίηνή
490 2799 582 2875 σφέας
598 2803 626 2863 ἐς
640 2798 693 2875 τήν
704 2798 851 2877 Εὐρώπην.
891 2800 925 2860 τὸ

125 2883 178 2959 μέν
197 2910 245 2945 νυν
262 2882 395 2961 ἀρπάζειν
411 2887 544 2966 γυναῖκας
562 2884 669 2964 ἀνδρῶν
687 2885 788 2948 ἀδίκων
804 2887 926 2965 νομίζειν

83 2974 85 2977 ’
127 2970 209 3051 ἔργον
219 2970 297 3041 εἶναι,
307 2971 340 3031 τό
349 2972 379 3031 δὲ
389 2970 603 3049 ἁρπασθεισέων
612 2972 740 3048 σπουδήν
748 2974 925 3050 ποιήσασθαι

125 3059 267 3135 τιμωρέειν
287 3057 425 3135 ἀνοήτων,
454 3058 499 3141 [τά
529 3060 559 3118 δὲ
587 3059 725 3136 μηδεμίαν
753 3058 826 3138 ὤρην
853 3062 942 3140 ἔχειν.

125 3142 348 3219 ἀρπασθεισέων,
364 3145 540 3227 σωφρόνων]
559 3143 635 3219 δῆλα
652 3144 708 3227 γάρ
726 3146 760 3222 δὴ
777 3146 829 3218 ὅτι,
845 3152 870 3207 εἰ
883 3146 924 3225 μή

126 3228 207 3289 αι’παί
220 3232 384 3303 ε’βουλέατο,
399 3232 449 3295 οὐκ
462 3230 677 3311 ἀνηρπάζοντο.
703 3232 805 3310 Ισφέας
816 3236 869 3311 μὲν
880 3233 924 3308 δή,
