<?xml version="1.0" encoding="UTF-8"?>
<!DOCTYPE html PUBLIC "-//W3C//DTD XHTML 1.0 Transitional//EN"
    "http://www.w3.org/TR/xhtml1/DTD/xhtml1-transitional.dtd">
<html xmlns="http://www.w3.org/1999/xhtml" xml:lang="en" lang="en">
 <head>
  <title>
</title>
<meta http-equiv="Content-Type" content="text/html;charset=utf-8" />
  <meta name='ocr-system' content='tesseract 3.04.00' />
  <meta name='ocr-capabilities' content='ocr_page ocr_carea ocr_par ocr_line ocrx_word'/>
</head>
<body>
  <div class='ocr_page' id='page_1' title='image "./herodotus00blakgoog_0313.png"; bbox 0 0 2150 3500; ppageno 0'>
   <div class='ocr_carea' id='block_1_1' title="bbox 116 103 973 3341">
    <p class='ocr_par' dir='ltr' id='par_1_1' title="bbox 164 103 973 534">
     <span class='ocr_line' id='line_1_1' title="bbox 165 103 971 185; baseline 0.002 -25"><span class='ocrx_word' id='word_1_1' title='bbox 165 112 214 160; x_wconf 79' lang='grc' dir='ltr'>ιιι</span> <span class='ocrx_word' id='word_1_2' title='bbox 469 103 656 161; x_wconf 72' lang='grc' dir='ltr'>Ἦνοιοτον</span> <span class='ocrx_word' id='word_1_3' title='bbox 893 108 971 185; x_wconf 81' lang='grc' dir='ltr'>Ι[Ιν.</span> 
     </span>
     <span class='ocr_line' id='line_1_2' title="bbox 164 188 972 270; baseline 0 -22"><span class='ocrx_word' id='word_1_4' title='bbox 164 193 193 252; x_wconf 87' lang='grc' dir='ltr'>ἐς</span> <span class='ocrx_word' id='word_1_5' title='bbox 208 188 261 264; x_wconf 73' lang='grc' dir='ltr'>τήν</span> <span class='ocrx_word' id='word_1_6' title='bbox 275 192 331 270; x_wconf 73' lang='grc' dir='ltr'>γῆν</span> <span class='ocrx_word' id='word_1_7' title='bbox 348 189 451 266; x_wconf 81' lang='grc' dir='ltr'>ταύτην</span> <span class='ocrx_word' id='word_1_8' title='bbox 463 188 483 265; x_wconf 84' lang='grc' dir='ltr'><strong><em>ἧ</em></strong></span> <span class='ocrx_word' id='word_1_9' title='bbox 497 215 540 253; x_wconf 85' lang='grc' dir='ltr'>τις</span> <span class='ocrx_word' id='word_1_10' title='bbox 558 193 607 250; x_wconf 87' lang='grc' dir='ltr'>νῦν</span> <span class='ocrx_word' id='word_1_11' title='bbox 619 189 675 250; x_wconf 83' lang='grc' dir='ltr'>ῦπδ</span> <span class='ocrx_word' id='word_1_12' title='bbox 690 189 836 266; x_wconf 83' lang='grc' dir='ltr'>Ἑλλήνων</span> <span class='ocrx_word' id='word_1_13' title='bbox 848 188 972 268; x_wconf 84' lang='grc' dir='ltr'>Εύρώπη</span> 
     </span>
     <span class='ocr_line' id='line_1_3' title="bbox 165 276 973 355; baseline 0.002 -20"><span class='ocrx_word' id='word_1_14' title='bbox 165 277 302 349; x_wconf 76' lang='grc' dir='ltr'>καλέεται,</span> <span class='ocrx_word' id='word_1_15' title='bbox 311 276 376 336; x_wconf 72' lang='grc' dir='ltr'>ἀλλ’</span> <span class='ocrx_word' id='word_1_16' title='bbox 387 277 456 338; x_wconf 83' lang='grc' dir='ltr'>ὅσον</span> <span class='ocrx_word' id='word_1_17' title='bbox 467 283 498 336; x_wconf 88' lang='grc' dir='ltr'>ἐκ</span> <span class='ocrx_word' id='word_1_18' title='bbox 505 278 635 354; x_wconf 77' lang='grc' dir='ltr'>Φοινίκης</span> <span class='ocrx_word' id='word_1_19' title='bbox 648 283 676 341; x_wconf 91' lang='grc' dir='ltr'>ἐς</span> <span class='ocrx_word' id='word_1_20' title='bbox 686 277 802 355; x_wconf 87' lang='grc' dir='ltr'>Κρήτην</span> <span class='ocrx_word' id='word_1_21' title='bbox 810 283 842 337; x_wconf 87' lang='grc' dir='ltr'>ἐκ</span> <span class='ocrx_word' id='word_1_22' title='bbox 856 278 973 354; x_wconf 83' lang='grc' dir='ltr'>Κρήτης</span> 
     </span>
     <span class='ocr_line' id='line_1_4' title="bbox 165 365 972 443; baseline 0.004 -19"><span class='ocrx_word' id='word_1_23' title='bbox 165 365 195 424; x_wconf 85' lang='grc' dir='ltr'>δέ</span> <span class='ocrx_word' id='word_1_24' title='bbox 209 371 236 429; x_wconf 89' lang='grc' dir='ltr'>ἐς</span> <span class='ocrx_word' id='word_1_25' title='bbox 248 366 363 441; x_wconf 82' lang='grc' dir='ltr'>Λυκίην.</span> <span class='ocrx_word' id='word_1_26' title='bbox 398 369 485 425; x_wconf 84' lang='grc' dir='ltr'>ταῦτα</span> <span class='ocrx_word' id='word_1_27' title='bbox 497 367 549 443; x_wconf 87' lang='grc' dir='ltr'>μέν</span> <span class='ocrx_word' id='word_1_28' title='bbox 563 392 611 426; x_wconf 91' lang='grc' dir='ltr'>νυν</span> <span class='ocrx_word' id='word_1_29' title='bbox 624 367 670 424; x_wconf 82' lang='grc' dir='ltr'>ἐπὶ</span> <span class='ocrx_word' id='word_1_30' title='bbox 686 369 826 426; x_wconf 88' lang='grc' dir='ltr'>τοσοῦτον</span> <span class='ocrx_word' id='word_1_31' title='bbox 840 365 972 443; x_wconf 82' lang='grc' dir='ltr'>εἰρήσθω·</span> 
     </span>
     <span class='ocr_line' id='line_1_5' title="bbox 164 453 819 534; baseline -0.002 -20"><span class='ocrx_word' id='word_1_32' title='bbox 164 457 241 514; x_wconf 82' lang='grc' dir='ltr'>τοῖσι</span> <span class='ocrx_word' id='word_1_33' title='bbox 253 454 309 534; x_wconf 79' lang='grc' dir='ltr'>γάρ</span> <span class='ocrx_word' id='word_1_34' title='bbox 319 455 527 531; x_wconf 77' lang='grc' dir='ltr'>νομιζομένοισι</span> <span class='ocrx_word' id='word_1_35' title='bbox 542 453 632 514; x_wconf 82' lang='grc' dir='ltr'>αύτιῦν</span> <span class='ocrx_word' id='word_1_36' title='bbox 645 453 819 532; x_wconf 78' lang='grc' dir='ltr'>χρησόμεθα.</span> 
     </span>
    </p>

    <p class='ocr_par' dir='ltr' id='par_1_2' title="bbox 119 540 972 1943">
     <span class='ocr_line' id='line_1_6' title="bbox 119 540 972 618; baseline 0 -16"><span class='ocrx_word' id='word_1_37' title='bbox 119 543 157 602; x_wconf 73' lang='lat'>4&#39;6</span> <span class='ocrx_word' id='word_1_38' title='bbox 205 541 240 600; x_wconf 84' lang='lat'>‘0</span> <span class='ocrx_word' id='word_1_39' title='bbox 257 541 287 600; x_wconf 82' lang='grc' dir='ltr'>δὲ</span> <span class='ocrx_word' id='word_1_40' title='bbox 304 541 446 606; x_wconf 74' lang='grc' dir='ltr'>Πόντοςό</span> <span class='ocrx_word' id='word_1_41' title='bbox 458 540 597 613; x_wconf 77' lang='grc' dir='ltr'>Εὔξεινος,</span> <span class='ocrx_word' id='word_1_42' title='bbox 612 541 655 602; x_wconf 86' lang='grc' dir='ltr'>ἐπ’</span> <span class='ocrx_word' id='word_1_43' title='bbox 669 541 701 602; x_wconf 82' lang='grc' dir='ltr'>ὃν</span> <span class='ocrx_word' id='word_1_44' title='bbox 715 541 900 618; x_wconf 80' lang='grc' dir='ltr'>ἐστρατεύετο</span> <span class='ocrx_word' id='word_1_45' title='bbox 915 549 972 602; x_wconf 93' lang='grc' dir='ltr'>Δα-</span> 
     </span>
     <span class='ocr_line' id='line_1_7' title="bbox 163 629 971 710; baseline 0.002 -22"><span class='ocrx_word' id='word_1_46' title='bbox 163 632 245 706; x_wconf 85' lang='grc' dir='ltr'>ρεῖος,</span> <span class='ocrx_word' id='word_1_47' title='bbox 262 629 373 708; x_wconf 80' lang='grc' dir='ltr'>χωρέων</span> <span class='ocrx_word' id='word_1_48' title='bbox 391 630 504 702; x_wconf 84' lang='grc' dir='ltr'>πασέων</span> <span class='ocrx_word' id='word_1_49' title='bbox 516 631 678 710; x_wconf 86' lang='grc' dir='ltr'>παρέχεται,</span> <span class='ocrx_word' id='word_1_50' title='bbox 693 629 744 699; x_wconf 80' lang='grc' dir='ltr'>ἔξω</span> <span class='ocrx_word' id='word_1_51' title='bbox 756 633 808 688; x_wconf 88' lang='grc' dir='ltr'>τοῦ</span> <span class='ocrx_word' id='word_1_52' title='bbox 823 630 971 700; x_wconf 89' lang='grc' dir='ltr'>Σκυθικοῦ,</span> 
     </span>
     <span class='ocr_line' id='line_1_8' title="bbox 165 706 972 798; baseline 0 -22"><span class='ocrx_word' id='word_1_53' title='bbox 165 718 245 777; x_wconf 83' lang='grc' dir='ltr'>ἔθνεα</span> <span class='ocrx_word' id='word_1_54' title='bbox 263 706 456 793; x_wconf 69' lang='grc' dir='ltr'>άμαθέότατα·</span> <span class='ocrx_word' id='word_1_55' title='bbox 483 716 548 778; x_wconf 83' lang='grc' dir='ltr'>οῦτε</span> <span class='ocrx_word' id='word_1_56' title='bbox 566 717 631 798; x_wconf 79' lang='grc' dir='ltr'>γάρ’</span> <span class='ocrx_word' id='word_1_57' title='bbox 643 718 721 781; x_wconf 82' lang='grc' dir='ltr'>ἔθνος</span> <span class='ocrx_word' id='word_1_58' title='bbox 740 721 795 776; x_wconf 83' lang='grc' dir='ltr'>τῶν</span> <span class='ocrx_word' id='word_1_59' title='bbox 816 717 895 780; x_wconf 82' lang='grc' dir='ltr'>ἐντός</span> <span class='ocrx_word' id='word_1_60' title='bbox 919 721 972 777; x_wconf 86' lang='grc' dir='ltr'>τοῦ</span> 
     </span>
     <span class='ocr_line' id='line_1_9' title="bbox 165 803 970 883; baseline -0.001 -19"><span class='ocrx_word' id='word_1_61' title='bbox 165 804 279 864; x_wconf 88' lang='grc' dir='ltr'>Πόντου</span> <span class='ocrx_word' id='word_1_62' title='bbox 306 803 385 865; x_wconf 80' lang='grc' dir='ltr'>ούδέν</span> <span class='ocrx_word' id='word_1_63' title='bbox 407 806 508 883; x_wconf 80' lang='grc' dir='ltr'>ἔχομεν</span> <span class='ocrx_word' id='word_1_64' title='bbox 533 805 736 883; x_wconf 83' lang='grc' dir='ltr'>προβαλέσθαι</span> <span class='ocrx_word' id='word_1_65' title='bbox 763 806 871 881; x_wconf 84' lang='grc' dir='ltr'>σοφίης</span> <span class='ocrx_word' id='word_1_66' title='bbox 898 806 970 882; x_wconf 88' lang='grc' dir='ltr'>πέρι,</span> 
     </span>
     <span class='ocr_line' id='line_1_10' title="bbox 166 891 972 975; baseline 0.001 -23"><span class='ocrx_word' id='word_1_67' title='bbox 166 891 231 953; x_wconf 87' lang='grc' dir='ltr'>οῦτε</span> <span class='ocrx_word' id='word_1_68' title='bbox 253 891 339 971; x_wconf 77' lang='grc' dir='ltr'>ἄνδρα</span> <span class='ocrx_word' id='word_1_69' title='bbox 360 891 460 973; x_wconf 90' lang='grc' dir='ltr'>λόγιον</span> <span class='ocrx_word' id='word_1_70' title='bbox 487 893 601 971; x_wconf 82' lang='grc' dir='ltr'>οἴδαμεν</span> <span class='ocrx_word' id='word_1_71' title='bbox 623 893 781 975; x_wconf 89' lang='grc' dir='ltr'>γενόμενον,</span> <span class='ocrx_word' id='word_1_72' title='bbox 803 892 897 971; x_wconf 83' lang='grc' dir='ltr'>πάρεξ</span> <span class='ocrx_word' id='word_1_73' title='bbox 920 897 972 953; x_wconf 86' lang='grc' dir='ltr'>τοῦ</span> 
     </span>
     <span class='ocr_line' id='line_1_11' title="bbox 164 978 972 1062; baseline 0.001 -23"><span class='ocrx_word' id='word_1_74' title='bbox 164 981 302 1045; x_wconf 84' lang='grc' dir='ltr'>Σκυθικοῦ</span> <span class='ocrx_word' id='word_1_75' title='bbox 322 980 413 1044; x_wconf 82' lang='grc' dir='ltr'>ἔθνεος</span> <span class='ocrx_word' id='word_1_76' title='bbox 433 981 479 1039; x_wconf 84' lang='grc' dir='ltr'>καὶ</span> <span class='ocrx_word' id='word_1_77' title='bbox 497 978 696 1060; x_wconf 87' lang='grc' dir='ltr'>Ἀναχάρσιος.</span> <span class='ocrx_word' id='word_1_78' title='bbox 732 985 772 1060; x_wconf 75' lang='grc' dir='ltr'>τῷ</span> <span class='ocrx_word' id='word_1_79' title='bbox 792 981 822 1041; x_wconf 78' lang='grc' dir='ltr'>δέ</span> <span class='ocrx_word' id='word_1_80' title='bbox 843 982 972 1062; x_wconf 75' lang='grc' dir='ltr'>Σκυθικῷ</span> 
     </span>
     <span class='ocr_line' id='line_1_12' title="bbox 163 1068 971 1150; baseline -0.002 -21"><span class='ocrx_word' id='word_1_81' title='bbox 163 1070 238 1150; x_wconf 84' lang='grc' dir='ltr'>γένεϊ</span> <span class='ocrx_word' id='word_1_82' title='bbox 257 1069 287 1129; x_wconf 89' lang='grc' dir='ltr'>ἐν</span> <span class='ocrx_word' id='word_1_83' title='bbox 302 1071 354 1145; x_wconf 80' lang='grc' dir='ltr'>μὲν</span> <span class='ocrx_word' id='word_1_84' title='bbox 369 1068 401 1128; x_wconf 81' lang='grc' dir='ltr'>τό</span> <span class='ocrx_word' id='word_1_85' title='bbox 418 1069 555 1149; x_wconf 90' lang='grc' dir='ltr'>μέγιστον</span> <span class='ocrx_word' id='word_1_86' title='bbox 571 1073 627 1129; x_wconf 81' lang='grc' dir='ltr'>τῦν</span> <span class='ocrx_word' id='word_1_87' title='bbox 644 1068 826 1148; x_wconf 72' lang='grc' dir='ltr'>άνθρωπηέων</span> <span class='ocrx_word' id='word_1_88' title='bbox 839 1070 971 1150; x_wconf 66' lang='grc' dir='ltr'>πρηγμώ,</span> 
     </span>
     <span class='ocr_line' id='line_1_13' title="bbox 164 1156 971 1235; baseline 0.001 -19"><span class='ocrx_word' id='word_1_89' title='bbox 164 1183 218 1217; x_wconf 91' lang='grc' dir='ltr'>των</span> <span class='ocrx_word' id='word_1_90' title='bbox 239 1157 394 1234; x_wconf 81' lang='grc' dir='ltr'>σοφώτατα</span> <span class='ocrx_word' id='word_1_91' title='bbox 413 1156 525 1217; x_wconf 87' lang='grc' dir='ltr'>πάντων</span> <span class='ocrx_word' id='word_1_92' title='bbox 545 1156 688 1235; x_wconf 80' lang='grc' dir='ltr'>ἐξεύρηται</span> <span class='ocrx_word' id='word_1_93' title='bbox 706 1161 762 1217; x_wconf 83' lang='grc' dir='ltr'>τῶν</span> <span class='ocrx_word' id='word_1_94' title='bbox 781 1157 863 1234; x_wconf 81' lang='grc' dir='ltr'>ἡμεῖς</span> <span class='ocrx_word' id='word_1_95' title='bbox 880 1158 971 1234; x_wconf 76' lang='grc' dir='ltr'>ἴδμεν·</span> 
     </span>
     <span class='ocr_line' id='line_1_14' title="bbox 163 1243 972 1326; baseline 0.002 -22"><span class='ocrx_word' id='word_1_96' title='bbox 163 1243 200 1305; x_wconf 81' lang='grc' dir='ltr'>τά</span> <span class='ocrx_word' id='word_1_97' title='bbox 219 1248 315 1322; x_wconf 88' lang='grc' dir='ltr'>μέντοι</span> <span class='ocrx_word' id='word_1_98' title='bbox 335 1243 412 1304; x_wconf 78' lang='grc' dir='ltr'>ἅλλα</span> <span class='ocrx_word' id='word_1_99' title='bbox 432 1243 482 1304; x_wconf 77' lang='grc' dir='ltr'>οὐκ</span> <span class='ocrx_word' id='word_1_100' title='bbox 502 1243 621 1326; x_wconf 76' lang='grc' dir='ltr'>ἄγαμαι·</span> <span class='ocrx_word' id='word_1_101' title='bbox 642 1245 676 1305; x_wconf 82' lang='grc' dir='ltr'>τό</span> <span class='ocrx_word' id='word_1_102' title='bbox 693 1244 724 1304; x_wconf 82' lang='grc' dir='ltr'>δέ</span> <span class='ocrx_word' id='word_1_103' title='bbox 740 1246 879 1326; x_wconf 88' lang='grc' dir='ltr'>μέγιστον</span> <span class='ocrx_word' id='word_1_104' title='bbox 900 1246 972 1306; x_wconf 77' lang='grc' dir='ltr'>οὕτω</span> 
     </span>
     <span class='ocr_line' id='line_1_15' title="bbox 165 1331 971 1414; baseline 0.004 -22"><span class='ocrx_word' id='word_1_105' title='bbox 165 1341 222 1410; x_wconf 88' lang='grc' dir='ltr'>σφι</span> <span class='ocrx_word' id='word_1_106' title='bbox 235 1333 390 1412; x_wconf 71' lang='grc' dir='ltr'>ἀνεύρηται</span> <span class='ocrx_word' id='word_1_107' title='bbox 400 1332 474 1392; x_wconf 78' lang='grc' dir='ltr'>ὥστε</span> <span class='ocrx_word' id='word_1_108' title='bbox 482 1331 655 1414; x_wconf 84' lang='grc' dir='ltr'>άποφυγέειν</span> <span class='ocrx_word' id='word_1_109' title='bbox 662 1358 693 1393; x_wconf 89' lang='grc' dir='ltr'>τε</span> <span class='ocrx_word' id='word_1_110' title='bbox 699 1333 806 1410; x_wconf 84' lang='grc' dir='ltr'>μηδένα</span> <span class='ocrx_word' id='word_1_111' title='bbox 814 1333 971 1394; x_wconf 80' lang='grc' dir='ltr'>ἐπελθόντα</span> 
     </span>
     <span class='ocr_line' id='line_1_16' title="bbox 165 1411 970 1499; baseline 0.001 -19"><span class='ocrx_word' id='word_1_112' title='bbox 165 1423 211 1481; x_wconf 84' lang='grc' dir='ltr'>ἐπὶ</span> <span class='ocrx_word' id='word_1_113' title='bbox 227 1420 380 1499; x_wconf 84' lang='grc' dir='ltr'>σφέας,μῆ</span> <span class='ocrx_word' id='word_1_114' title='bbox 401 1421 595 1498; x_wconf 82' lang='grc' dir='ltr'>βουλομένους</span> <span class='ocrx_word' id='word_1_115' title='bbox 606 1447 638 1480; x_wconf 91' lang='grc' dir='ltr'>τε</span> <span class='ocrx_word' id='word_1_116' title='bbox 654 1411 829 1498; x_wconf 81' lang='grc' dir='ltr'>ἐξευρεθῆναι</span> <span class='ocrx_word' id='word_1_117' title='bbox 848 1427 970 1481; x_wconf 90' lang='grc' dir='ltr'>καταλα-</span> 
     </span>
     <span class='ocr_line' id='line_1_17' title="bbox 163 1507 972 1589; baseline 0.002 -21"><span class='ocrx_word' id='word_1_118' title='bbox 163 1510 229 1585; x_wconf 82' lang='grc' dir='ltr'>βεῖν</span> <span class='ocrx_word' id='word_1_119' title='bbox 245 1510 286 1586; x_wconf 75' lang='grc' dir='ltr'>μή</span> <span class='ocrx_word' id='word_1_120' title='bbox 304 1509 412 1570; x_wconf 79' lang='grc' dir='ltr'>οἷόντε</span> <span class='ocrx_word' id='word_1_121' title='bbox 432 1508 511 1569; x_wconf 82' lang='grc' dir='ltr'>εἶναι·</span> <span class='ocrx_word' id='word_1_122' title='bbox 531 1512 608 1569; x_wconf 84' lang='grc' dir='ltr'>τοῖσι</span> <span class='ocrx_word' id='word_1_123' title='bbox 624 1508 679 1589; x_wconf 78' lang='grc' dir='ltr'>γάρ</span> <span class='ocrx_word' id='word_1_124' title='bbox 699 1508 772 1585; x_wconf 88' lang='grc' dir='ltr'>μήτε</span> <span class='ocrx_word' id='word_1_125' title='bbox 788 1507 878 1570; x_wconf 78' lang='grc' dir='ltr'>ἄστεα</span> <span class='ocrx_word' id='word_1_126' title='bbox 897 1509 972 1586; x_wconf 87' lang='grc' dir='ltr'>μήτε</span> 
     </span>
     <span class='ocr_line' id='line_1_18' title="bbox 163 1595 972 1676; baseline 0.001 -21"><span class='ocrx_word' id='word_1_127' title='bbox 163 1597 258 1674; x_wconf 86' lang='grc' dir='ltr'>τείχεα</span> <span class='ocrx_word' id='word_1_128' title='bbox 276 1595 297 1676; x_wconf 79' lang='grc' dir='ltr'><strong><em>ᾖ</em></strong></span> <span class='ocrx_word' id='word_1_129' title='bbox 317 1595 474 1673; x_wconf 89' lang='grc' dir='ltr'>ἐκτισμένα,</span> <span class='ocrx_word' id='word_1_130' title='bbox 496 1595 574 1656; x_wconf 81' lang='grc' dir='ltr'>άλλά</span> <span class='ocrx_word' id='word_1_131' title='bbox 596 1597 737 1673; x_wconf 90' lang='grc' dir='ltr'>φερέοικοι</span> <span class='ocrx_word' id='word_1_132' title='bbox 757 1595 848 1661; x_wconf 85' lang='grc' dir='ltr'>ἐόντες</span> <span class='ocrx_word' id='word_1_133' title='bbox 867 1596 972 1666; x_wconf 89' lang='grc' dir='ltr'>πάντες</span> 
     </span>
     <span class='ocr_line' id='line_1_19' title="bbox 164 1682 971 1762; baseline 0.005 -20"><span class='ocrx_word' id='word_1_134' title='bbox 164 1685 230 1743; x_wconf 80' lang='grc' dir='ltr'>ἔωσι</span> <span class='ocrx_word' id='word_1_135' title='bbox 251 1683 441 1756; x_wconf 84' lang='grc' dir='ltr'>ἱπποτοξόται,</span> <span class='ocrx_word' id='word_1_136' title='bbox 456 1682 571 1757; x_wconf 88' lang='grc' dir='ltr'>ζώοντες</span> <span class='ocrx_word' id='word_1_137' title='bbox 587 1683 628 1762; x_wconf 73' lang='grc' dir='ltr'>μὴ</span> <span class='ocrx_word' id='word_1_138' title='bbox 647 1683 694 1743; x_wconf 77' lang='grc' dir='ltr'>ἀπ’</span> <span class='ocrx_word' id='word_1_139' title='bbox 709 1682 811 1762; x_wconf 81' lang='grc' dir='ltr'>άρότου</span> <span class='ocrx_word' id='word_1_140' title='bbox 830 1684 898 1744; x_wconf 76' lang='grc' dir='ltr'>ἀλλ’</span> <span class='ocrx_word' id='word_1_141' title='bbox 911 1685 971 1746; x_wconf 83' lang='grc' dir='ltr'>α’πδ</span> 
     </span>
     <span class='ocr_line' id='line_1_20' title="bbox 166 1770 971 1853; baseline 0.004 -23"><span class='ocrx_word' id='word_1_142' title='bbox 166 1772 292 1848; x_wconf 89' lang='grc' dir='ltr'>κτηνέων,</span> <span class='ocrx_word' id='word_1_143' title='bbox 311 1770 449 1848; x_wconf 81' lang='grc' dir='ltr'>οἰκήματά</span> <span class='ocrx_word' id='word_1_144' title='bbox 467 1773 501 1832; x_wconf 89' lang='grc' dir='ltr'>τέ</span> <span class='ocrx_word' id='word_1_145' title='bbox 518 1777 579 1849; x_wconf 83' lang='grc' dir='ltr'>σφι</span> <span class='ocrx_word' id='word_1_146' title='bbox 595 1771 615 1852; x_wconf 78' lang='grc' dir='ltr'><strong><em>ᾖ</em></strong></span> <span class='ocrx_word' id='word_1_147' title='bbox 635 1774 681 1833; x_wconf 84' lang='grc' dir='ltr'>ἐπὶ</span> <span class='ocrx_word' id='word_1_148' title='bbox 701 1772 827 1853; x_wconf 79' lang='grc' dir='ltr'>ζευγέων,</span> <span class='ocrx_word' id='word_1_149' title='bbox 847 1778 901 1837; x_wconf 84' lang='grc' dir='ltr'>κιῦς</span> <span class='ocrx_word' id='word_1_150' title='bbox 918 1772 971 1834; x_wconf 82' lang='grc' dir='ltr'>οῦκ</span> 
     </span>
     <span class='ocr_line' id='line_1_21' title="bbox 164 1856 968 1943; baseline 0.005 -25"><span class='ocrx_word' id='word_1_151' title='bbox 164 1857 199 1919; x_wconf 77' lang='grc' dir='ltr'>ἂν</span> <span class='ocrx_word' id='word_1_152' title='bbox 212 1860 310 1936; x_wconf 80' lang='grc' dir='ltr'>εἴησαν</span> <span class='ocrx_word' id='word_1_153' title='bbox 323 1856 401 1919; x_wconf 82' lang='grc' dir='ltr'>οὗτοι</span> <span class='ocrx_word' id='word_1_154' title='bbox 414 1857 522 1938; x_wconf 84' lang='grc' dir='ltr'>άμαχοί</span> <span class='ocrx_word' id='word_1_155' title='bbox 535 1886 567 1920; x_wconf 87' lang='grc' dir='ltr'>τε</span> <span class='ocrx_word' id='word_1_156' title='bbox 580 1861 627 1920; x_wconf 86' lang='grc' dir='ltr'>καὶ</span> <span class='ocrx_word' id='word_1_157' title='bbox 640 1859 741 1937; x_wconf 81' lang='grc' dir='ltr'>ἄποροι</span> <span class='ocrx_word' id='word_1_158' title='bbox 758 1862 968 1943; x_wconf 82' lang='grc' dir='ltr'>προσμίσγειν;</span> 
     </span>
    </p>

    <p class='ocr_par' dir='ltr' id='par_1_3' title="bbox 117 1944 970 2816">
     <span class='ocr_line' id='line_1_22' title="bbox 117 1944 970 2030; baseline 0.004 -23"><span class='ocrx_word' id='word_1_159' title='bbox 117 1944 325 2025; x_wconf 79' lang='grc' dir='ltr'>47Ἐξεύρηται</span> <span class='ocrx_word' id='word_1_160' title='bbox 345 1946 377 2006; x_wconf 90' lang='grc' dir='ltr'>δέ</span> <span class='ocrx_word' id='word_1_161' title='bbox 395 1953 453 2023; x_wconf 89' lang='grc' dir='ltr'>σφι</span> <span class='ocrx_word' id='word_1_162' title='bbox 469 1952 566 2018; x_wconf 86' lang='grc' dir='ltr'>ταῦτα,</span> <span class='ocrx_word' id='word_1_163' title='bbox 580 1952 632 2024; x_wconf 81' lang='grc' dir='ltr'>τῆς</span> <span class='ocrx_word' id='word_1_164' title='bbox 646 1974 679 2009; x_wconf 86' lang='grc' dir='ltr'>τε</span> <span class='ocrx_word' id='word_1_165' title='bbox 694 1952 747 2030; x_wconf 72' lang='grc' dir='ltr'>γῆς</span> <span class='ocrx_word' id='word_1_166' title='bbox 760 1947 862 2025; x_wconf 86' lang='grc' dir='ltr'>ἐούσης</span> <span class='ocrx_word' id='word_1_167' title='bbox 874 1954 970 2029; x_wconf 90' lang='grc' dir='ltr'>ἐπιτη-</span> 
     </span>
     <span class='ocr_line' id='line_1_23' title="bbox 164 2034 969 2115; baseline 0.004 -20"><span class='ocrx_word' id='word_1_168' title='bbox 164 2036 228 2113; x_wconf 85' lang='grc' dir='ltr'>δέης</span> <span class='ocrx_word' id='word_1_169' title='bbox 244 2036 291 2096; x_wconf 79' lang='grc' dir='ltr'>καὶ</span> <span class='ocrx_word' id='word_1_170' title='bbox 305 2040 363 2115; x_wconf 80' lang='grc' dir='ltr'>τῶν</span> <span class='ocrx_word' id='word_1_171' title='bbox 378 2039 511 2112; x_wconf 82' lang='grc' dir='ltr'>ποταμῶν</span> <span class='ocrx_word' id='word_1_172' title='bbox 530 2036 630 2097; x_wconf 89' lang='grc' dir='ltr'>ἐόντων</span> <span class='ocrx_word' id='word_1_173' title='bbox 642 2041 699 2112; x_wconf 90' lang='grc' dir='ltr'>σφι</span> <span class='ocrx_word' id='word_1_174' title='bbox 712 2034 880 2115; x_wconf 84' lang='grc' dir='ltr'>συμμάχων·</span> <span class='ocrx_word' id='word_1_175' title='bbox 899 2035 919 2113; x_wconf 83' lang='grc' dir='ltr'><strong><em>ἧ</em></strong></span> <span class='ocrx_word' id='word_1_176' title='bbox 935 2064 969 2098; x_wconf 90' lang='grc' dir='ltr'>τε</span> 
     </span>
     <span class='ocr_line' id='line_1_24' title="bbox 163 2122 970 2207; baseline 0.002 -23"><span class='ocrx_word' id='word_1_177' title='bbox 163 2125 219 2205; x_wconf 82' lang='grc' dir='ltr'>γάρ</span> <span class='ocrx_word' id='word_1_178' title='bbox 233 2128 273 2207; x_wconf 84' lang='grc' dir='ltr'><strong><em>γῆ</em></strong></span> <span class='ocrx_word' id='word_1_179' title='bbox 293 2129 380 2185; x_wconf 85' lang='grc' dir='ltr'>ἐοῦσα</span> <span class='ocrx_word' id='word_1_180' title='bbox 399 2122 497 2188; x_wconf 81' lang='grc' dir='ltr'>πεδιάς</span> <span class='ocrx_word' id='word_1_181' title='bbox 516 2123 596 2201; x_wconf 83' lang='grc' dir='ltr'>αῦτη,</span> <span class='ocrx_word' id='word_1_182' title='bbox 612 2122 732 2201; x_wconf 81' lang='grc' dir='ltr'>ποιώδης</span> <span class='ocrx_word' id='word_1_183' title='bbox 744 2149 775 2184; x_wconf 91' lang='grc' dir='ltr'>τε</span> <span class='ocrx_word' id='word_1_184' title='bbox 791 2125 838 2184; x_wconf 87' lang='grc' dir='ltr'>καὶ</span> <span class='ocrx_word' id='word_1_185' title='bbox 855 2122 970 2203; x_wconf 80' lang='grc' dir='ltr'>εῦυδρός</span> 
     </span>
     <span class='ocr_line' id='line_1_25' title="bbox 164 2210 968 2294; baseline 0.002 -23"><span class='ocrx_word' id='word_1_186' title='bbox 164 2218 235 2272; x_wconf 86' lang='grc' dir='ltr'>ἐστι·</span> <span class='ocrx_word' id='word_1_187' title='bbox 262 2212 388 2290; x_wconf 81' lang='grc' dir='ltr'>ποταμοί</span> <span class='ocrx_word' id='word_1_188' title='bbox 405 2237 437 2272; x_wconf 91' lang='grc' dir='ltr'>τε</span> <span class='ocrx_word' id='word_1_189' title='bbox 459 2210 493 2271; x_wconf 86' lang='grc' dir='ltr'>δι’</span> <span class='ocrx_word' id='word_1_190' title='bbox 513 2211 599 2289; x_wconf 85' lang='grc' dir='ltr'>αύτῆς</span> <span class='ocrx_word' id='word_1_191' title='bbox 619 2212 716 2290; x_wconf 84' lang='grc' dir='ltr'>ῥέουσι</span> <span class='ocrx_word' id='word_1_192' title='bbox 737 2210 770 2271; x_wconf 85' lang='grc' dir='ltr'>ού</span> <span class='ocrx_word' id='word_1_193' title='bbox 791 2216 968 2294; x_wconf 73' lang='grc' dir='ltr'>πολλῷτεῳ</span> 
     </span>
     <span class='ocr_line' id='line_1_26' title="bbox 162 2298 968 2381; baseline 0.005 -23"><span class='ocrx_word' id='word_1_194' title='bbox 162 2298 284 2378; x_wconf 77' lang='grc' dir='ltr'>ἀριθμόν</span> <span class='ocrx_word' id='word_1_195' title='bbox 297 2300 452 2363; x_wconf 88' lang='grc' dir='ltr'>ἐλάσσονες</span> <span class='ocrx_word' id='word_1_196' title='bbox 464 2303 520 2359; x_wconf 80' lang='grc' dir='ltr'>τῶν</span> <span class='ocrx_word' id='word_1_197' title='bbox 533 2305 563 2359; x_wconf 88' lang='grc' dir='ltr'>ἐν</span> <span class='ocrx_word' id='word_1_198' title='bbox 576 2298 708 2381; x_wconf 80' lang='grc' dir='ltr'>Αἰγύπτῳ</span> <span class='ocrx_word' id='word_1_199' title='bbox 720 2298 869 2377; x_wconf 81' lang='grc' dir='ltr'>διωρύχων.</span> <span class='ocrx_word' id='word_1_200' title='bbox 901 2300 968 2362; x_wconf 85' lang='grc' dir='ltr'>ὅσοι</span> 
     </span>
     <span class='ocr_line' id='line_1_27' title="bbox 162 2386 968 2465; baseline 0.005 -20"><span class='ocrx_word' id='word_1_201' title='bbox 162 2386 193 2445; x_wconf 86' lang='grc' dir='ltr'>δὲ</span> <span class='ocrx_word' id='word_1_202' title='bbox 213 2387 386 2465; x_wconf 87' lang='grc' dir='ltr'>ούνομαστοί</span> <span class='ocrx_word' id='word_1_203' title='bbox 399 2387 433 2447; x_wconf 85' lang='grc' dir='ltr'>τέ</span> <span class='ocrx_word' id='word_1_204' title='bbox 452 2391 508 2448; x_wconf 85' lang='grc' dir='ltr'>εἶσι</span> <span class='ocrx_word' id='word_1_205' title='bbox 525 2386 624 2458; x_wconf 76' lang='grc' dir='ltr'>αὐτῶν,</span> <span class='ocrx_word' id='word_1_206' title='bbox 639 2388 686 2446; x_wconf 79' lang='grc' dir='ltr'>καὶ</span> <span class='ocrx_word' id='word_1_207' title='bbox 703 2388 889 2465; x_wconf 86' lang='grc' dir='ltr'>προσπλωτοὶ</span> <span class='ocrx_word' id='word_1_208' title='bbox 908 2388 968 2450; x_wconf 78' lang='grc' dir='ltr'>άπδ</span> 
     </span>
     <span class='ocr_line' id='line_1_28' title="bbox 162 2472 966 2553; baseline 0.005 -20"><span class='ocrx_word' id='word_1_209' title='bbox 162 2472 320 2550; x_wconf 88' lang='grc' dir='ltr'>θαλάσσης,</span> <span class='ocrx_word' id='word_1_210' title='bbox 337 2473 452 2537; x_wconf 85' lang='grc' dir='ltr'>τούτους</span> <span class='ocrx_word' id='word_1_211' title='bbox 472 2474 639 2552; x_wconf 86' lang='grc' dir='ltr'>ούνομανέω·</span> <span class='ocrx_word' id='word_1_212' title='bbox 655 2475 769 2552; x_wconf 85' lang='grc' dir='ltr'>Ἴστρος</span> <span class='ocrx_word' id='word_1_213' title='bbox 788 2477 850 2553; x_wconf 79' lang='grc' dir='ltr'>μὲν,</span> <span class='ocrx_word' id='word_1_214' title='bbox 865 2478 966 2537; x_wconf 85' lang='grc' dir='ltr'>πεντά-</span> 
     </span>
     <span class='ocr_line' id='line_1_29' title="bbox 162 2561 967 2643; baseline 0.006 -22"><span class='ocrx_word' id='word_1_215' title='bbox 162 2586 278 2638; x_wconf 85' lang='grc' dir='ltr'>στομος·</span> <span class='ocrx_word' id='word_1_216' title='bbox 297 2562 369 2638; x_wconf 80' lang='grc' dir='ltr'>μετά</span> <span class='ocrx_word' id='word_1_217' title='bbox 389 2562 427 2631; x_wconf 84' lang='grc' dir='ltr'>δέ,</span> <span class='ocrx_word' id='word_1_218' title='bbox 444 2561 535 2640; x_wconf 84' lang='grc' dir='ltr'>Τύρης</span> <span class='ocrx_word' id='word_1_219' title='bbox 550 2590 582 2625; x_wconf 91' lang='grc' dir='ltr'>τε</span> <span class='ocrx_word' id='word_1_220' title='bbox 599 2563 645 2623; x_wconf 87' lang='grc' dir='ltr'>καὶ</span> <span class='ocrx_word' id='word_1_221' title='bbox 660 2564 787 2635; x_wconf 82' lang='grc' dir='ltr'>Ὕπανις,</span> <span class='ocrx_word' id='word_1_222' title='bbox 808 2565 855 2623; x_wconf 80' lang='grc' dir='ltr'>καὶ</span> <span class='ocrx_word' id='word_1_223' title='bbox 876 2570 967 2643; x_wconf 92' lang='grc' dir='ltr'>Βορυ-</span> 
     </span>
     <span class='ocr_line' id='line_1_30' title="bbox 160 2647 966 2733; baseline 0.004 -24"><span class='ocrx_word' id='word_1_224' title='bbox 160 2647 271 2725; x_wconf 87' lang='grc' dir='ltr'>σθένης,</span> <span class='ocrx_word' id='word_1_225' title='bbox 284 2650 332 2709; x_wconf 84' lang='grc' dir='ltr'>καὶ</span> <span class='ocrx_word' id='word_1_226' title='bbox 349 2649 539 2727; x_wconf 82' lang='grc' dir='ltr'>Παντικάπης,</span> <span class='ocrx_word' id='word_1_227' title='bbox 554 2653 601 2712; x_wconf 88' lang='grc' dir='ltr'>καὶ</span> <span class='ocrx_word' id='word_1_228' title='bbox 614 2651 772 2729; x_wconf 81' lang='grc' dir='ltr'>Ὑπάκυρις,</span> <span class='ocrx_word' id='word_1_229' title='bbox 786 2653 833 2712; x_wconf 86' lang='grc' dir='ltr'>καὶ</span> <span class='ocrx_word' id='word_1_230' title='bbox 851 2653 966 2733; x_wconf 87' lang='grc' dir='ltr'>Γέρρος,</span> 
     </span>
     <span class='ocr_line' id='line_1_31' title="bbox 162 2737 752 2816; baseline 0.007 -20"><span class='ocrx_word' id='word_1_231' title='bbox 162 2737 209 2797; x_wconf 88' lang='grc' dir='ltr'>καὶ</span> <span class='ocrx_word' id='word_1_232' title='bbox 220 2737 331 2801; x_wconf 78' lang='grc' dir='ltr'>Τάναϊς·</span> <span class='ocrx_word' id='word_1_233' title='bbox 350 2738 448 2816; x_wconf 85' lang='grc' dir='ltr'>ῥέουσι</span> <span class='ocrx_word' id='word_1_234' title='bbox 460 2738 491 2798; x_wconf 84' lang='grc' dir='ltr'>δὲ</span> <span class='ocrx_word' id='word_1_235' title='bbox 503 2737 581 2800; x_wconf 81' lang='grc' dir='ltr'>οῦτοι</span> <span class='ocrx_word' id='word_1_236' title='bbox 595 2739 665 2800; x_wconf 81' lang='grc' dir='ltr'>κατά</span> <span class='ocrx_word' id='word_1_237' title='bbox 676 2739 752 2800; x_wconf 85' lang='grc' dir='ltr'>τάδε.</span> 
     </span>
    </p>

    <p class='ocr_par' dir='ltr' id='par_1_4' title="bbox 116 2824 967 3341">
     <span class='ocr_line' id='line_1_32' title="bbox 116 2824 966 2906; baseline 0.011 -24"><span class='ocrx_word' id='word_1_238' title='bbox 116 2824 153 2882; x_wconf 83' lang='grc'>48</span> <span class='ocrx_word' id='word_1_239' title='bbox 195 2824 309 2903; x_wconf 85' lang='grc' dir='ltr'>Ἴστρος</span> <span class='ocrx_word' id='word_1_240' title='bbox 323 2827 384 2901; x_wconf 81' lang='grc' dir='ltr'>μὲν,</span> <span class='ocrx_word' id='word_1_241' title='bbox 402 2826 454 2885; x_wconf 82' lang='grc' dir='ltr'>ἐών</span> <span class='ocrx_word' id='word_1_242' title='bbox 471 2825 606 2906; x_wconf 87' lang='grc' dir='ltr'>μέγιστος</span> <span class='ocrx_word' id='word_1_243' title='bbox 625 2832 760 2905; x_wconf 83' lang='grc' dir='ltr'>ποταμῶν</span> <span class='ocrx_word' id='word_1_244' title='bbox 778 2825 889 2888; x_wconf 88' lang='grc' dir='ltr'>πάντων</span> <span class='ocrx_word' id='word_1_245' title='bbox 908 2834 966 2891; x_wconf 77' lang='grc' dir='ltr'>τῶν</span> 
     </span>
     <span class='ocr_line' id='line_1_33' title="bbox 159 2909 966 2993; baseline 0.01 -25"><span class='ocrx_word' id='word_1_246' title='bbox 159 2909 240 2985; x_wconf 79' lang='grc' dir='ltr'>ἡμεῖς</span> <span class='ocrx_word' id='word_1_247' title='bbox 254 2913 341 2990; x_wconf 80' lang='grc' dir='ltr'>ἴδμεν,</span> <span class='ocrx_word' id='word_1_248' title='bbox 358 2912 421 2975; x_wconf 86' lang='grc' dir='ltr'>ἰ’σος</span> <span class='ocrx_word' id='word_1_249' title='bbox 441 2914 494 2986; x_wconf 80' lang='grc' dir='ltr'>αἰεὶΙ</span> <span class='ocrx_word' id='word_1_250' title='bbox 513 2912 597 2977; x_wconf 78' lang='grc' dir='ltr'>οὗτός</span> <span class='ocrx_word' id='word_1_251' title='bbox 618 2918 707 2993; x_wconf 75' lang='grc' dir='ltr'>ἔωυτιρ</span> <span class='ocrx_word' id='word_1_252' title='bbox 724 2915 781 2993; x_wconf 84' lang='grc' dir='ltr'>ῥέει</span> <span class='ocrx_word' id='word_1_253' title='bbox 802 2917 849 2974; x_wconf 80' lang='grc' dir='ltr'>καὶ</span> <span class='ocrx_word' id='word_1_254' title='bbox 868 2917 966 2993; x_wconf 91' lang='grc' dir='ltr'>θέρεος</span> 
     </span>
     <span class='ocr_line' id='line_1_34' title="bbox 161 2996 965 3083; baseline 0.017 -33"><span class='ocrx_word' id='word_1_255' title='bbox 161 2996 208 3052; x_wconf 84' lang='grc' dir='ltr'>καὶ</span> <span class='ocrx_word' id='word_1_256' title='bbox 223 3002 368 3074; x_wconf 78' lang='grc' dir='ltr'>χειμῶνος·</span> <span class='ocrx_word' id='word_1_257' title='bbox 389 3003 498 3075; x_wconf 80' lang='grc' dir='ltr'>πρῶτος</span> <span class='ocrx_word' id='word_1_258' title='bbox 514 2999 544 3057; x_wconf 82' lang='grc' dir='ltr'>δὲ</span> <span class='ocrx_word' id='word_1_259' title='bbox 559 2999 593 3058; x_wconf 80' lang='grc' dir='ltr'>τό</span> <span class='ocrx_word' id='word_1_260' title='bbox 613 2999 662 3059; x_wconf 77' lang='grc' dir='ltr'>ἀπ’</span> <span class='ocrx_word' id='word_1_261' title='bbox 676 3003 797 3079; x_wconf 83' lang='grc' dir='ltr'>ἑσπέρης</span> <span class='ocrx_word' id='word_1_262' title='bbox 813 3006 869 3063; x_wconf 77' lang='grc' dir='ltr'>τῶν</span> <span class='ocrx_word' id='word_1_263' title='bbox 885 3008 916 3063; x_wconf 88' lang='grc' dir='ltr'>ἐν</span> <span class='ocrx_word' id='word_1_264' title='bbox 927 3010 965 3083; x_wconf 82' lang='grc' dir='ltr'>τῇ</span> 
     </span>
     <span class='ocr_line' id='line_1_35' title="bbox 160 3080 967 3169; baseline 0.01 -27"><span class='ocrx_word' id='word_1_265' title='bbox 160 3080 283 3159; x_wconf 77' lang='grc' dir='ltr'>Σκυθικῇ</span> <span class='ocrx_word' id='word_1_266' title='bbox 294 3084 371 3159; x_wconf 84' lang='grc' dir='ltr'>ῥέων,</span> <span class='ocrx_word' id='word_1_267' title='bbox 380 3084 450 3142; x_wconf 83' lang='grc' dir='ltr'>κατά</span> <span class='ocrx_word' id='word_1_268' title='bbox 461 3083 568 3144; x_wconf 87' lang='grc' dir='ltr'>τοιόνδε</span> <span class='ocrx_word' id='word_1_269' title='bbox 579 3085 715 3166; x_wconf 86' lang='grc' dir='ltr'>μέγιστος</span> <span class='ocrx_word' id='word_1_270' title='bbox 723 3090 823 3169; x_wconf 84' lang='grc' dir='ltr'>γέγονε</span> <span class='ocrx_word' id='word_1_271' title='bbox 829 3096 967 3167; x_wconf 67' lang='grc' dir='ltr'>ποταμοῖν</span> 
     </span>
     <span class='ocr_line' id='line_1_36' title="bbox 161 3164 967 3257; baseline 0.024 -37"><span class='ocrx_word' id='word_1_272' title='bbox 161 3166 208 3222; x_wconf 86' lang='grc' dir='ltr'>καὶ</span> <span class='ocrx_word' id='word_1_273' title='bbox 216 3164 312 3227; x_wconf 75' lang='grc' dir='ltr'>ἄλλων</span> <span class='ocrx_word' id='word_1_274' title='bbox 324 3174 352 3231; x_wconf 90' lang='grc' dir='ltr'>ἐς</span> <span class='ocrx_word' id='word_1_275' title='bbox 364 3168 449 3228; x_wconf 83' lang='grc' dir='ltr'>αύτδν</span> <span class='ocrx_word' id='word_1_276' title='bbox 461 3170 630 3231; x_wconf 87' lang='grc' dir='ltr'>ἐκδιδόντων·</span> <span class='ocrx_word' id='word_1_277' title='bbox 652 3175 708 3232; x_wconf 78' lang='grc' dir='ltr'>εύσὶ</span> <span class='ocrx_word' id='word_1_278' title='bbox 721 3175 752 3233; x_wconf 81' lang='grc' dir='ltr'>δὲ</span> <span class='ocrx_word' id='word_1_279' title='bbox 764 3176 822 3235; x_wconf 83' lang='grc' dir='ltr'>οἶδε</span> <span class='ocrx_word' id='word_1_280' title='bbox 835 3180 864 3236; x_wconf 78' lang='grc' dir='ltr'>οἱ</span> <span class='ocrx_word' id='word_1_281' title='bbox 871 3178 967 3257; x_wconf 90' lang='grc' dir='ltr'>μέγαν</span> 
     </span>
     <span class='ocr_line' id='line_1_37' title="bbox 159 3246 967 3341; baseline 0.016 -38"><span class='ocrx_word' id='word_1_282' title='bbox 159 3246 247 3306; x_wconf 82' lang='grc' dir='ltr'>αῦτόν</span> <span class='ocrx_word' id='word_1_283' title='bbox 265 3255 415 3315; x_wconf 88' lang='grc' dir='ltr'>ποιεῦντες·</span> <span class='ocrx_word' id='word_1_284' title='bbox 441 3253 487 3312; x_wconf 79' lang='grc' dir='ltr'>διά</span> <span class='ocrx_word' id='word_1_285' title='bbox 505 3256 560 3331; x_wconf 88' lang='grc' dir='ltr'>μέν</span> <span class='ocrx_word' id='word_1_286' title='bbox 578 3282 613 3336; x_wconf 88' lang='grc' dir='ltr'>γε</span> <span class='ocrx_word' id='word_1_287' title='bbox 635 3262 687 3333; x_wconf 79' lang='grc' dir='ltr'>τῆς</span> <span class='ocrx_word' id='word_1_288' title='bbox 708 3262 849 3338; x_wconf 82' lang='grc' dir='ltr'>Σκυθικῆς</span> <span class='ocrx_word' id='word_1_289' title='bbox 868 3264 967 3341; x_wconf 81' lang='grc' dir='ltr'>χώρης</span> 
     </span>
    </p>
   </div>
   <div class='ocr_carea' id='block_1_2' title="bbox 0 0 1080 3500">
    <p class='ocr_par' dir='ltr' id='par_1_5' title="bbox 0 0 1080 3500">
     <span class='ocr_line' id='line_1_38' title="bbox 0 0 1080 3500; baseline 0 0"><span class='ocrx_word' id='word_1_290' title='bbox 0 0 1080 3500; x_wconf 95' lang='lat' dir='ltr'> </span> 
     </span>
    </p>
   </div>
  </div>
 </body>
</html>
