2150 3500
121 101 218 168 ο-ιι]
414 100 643 154 αοιιιοιιοιςις.
874 102 926 154 ιιι

120 180 172 244 σύ·
193 182 249 243 εἴτε
265 179 352 243 αύτοῦ
369 181 520 255 κατοικίζω,
536 180 630 263 χάρης
646 179 702 263 γάρ
718 179 809 257 τῆσδε
824 167 880 260 έχω
890 180 926 242 τό

120 268 225 347 κράτος
237 268 317 345 αύτῆ,
332 269 387 329 εἴτε
403 268 562 347 ἀποπέμπω
574 267 652 346 παρά
668 269 706 329 σέ
713 267 737 338 ;”
755 267 809 344 τῆν
824 270 876 345 μὲν
888 268 925 345 δῆ

119 362 211 418 ταῦτα
223 360 383 435 ἐπειρωτᾶν·
402 356 453 417 τόν
465 356 495 417 δέ
507 356 626 438 λέγουσι
643 356 714 433 πρός
725 360 814 416 ταῦτα
828 358 923 416 εἰπεῖν·

119 454 142 483 “
149 444 233 505 ἐπεάν
242 444 429 521 ἀνδρωθέντας
438 445 513 521 ’ίδηαι
522 442 589 508 τούς
600 443 709 514 παῖδας,
722 443 789 504 τάδε
801 446 922 504 ποιεῦσα

118 531 172 593 οὐκ
185 531 220 593 ἂν
235 530 414 609 άμαρτάνοις·
433 532 485 593 τόν
499 534 552 610 μὲν
565 529 600 592 ἂν
619 532 688 611 όρῆις
707 530 797 591 αότῶν
809 530 873 591 τόδε
888 529 923 591 τά

117 620 204 689 τόξον
219 618 272 680 ὦδε
289 619 499 699 διατεινόμενον,
513 621 560 679 καὶ
576 622 615 699 τῷ
633 620 755 697 ζωστῆρι
770 618 840 699 τῷδε
851 618 922 679 κατά

116 708 188 769 τάδε
217 707 394 786 ζωννύμενον,
423 712 525 769 τοῦτον
553 710 607 785 μὲν
638 708 727 783 τῆσδε
753 710 804 782 τῆς
828 706 922 787 χώρης

117 795 254 874 οἰκήτορα
275 800 366 856 ποιεῦ·
400 795 432 860 ὃς
454 794 478 855 δ’
499 794 533 856 ἂν
553 794 657 856 τούτων
677 798 733 855 τῶν
758 795 846 876 ἔργων
864 798 921 855 τῶν

117 882 288 961 ἐντέλλομαι
310 884 436 959 λίπηται,
460 884 584 960 ἔκπεμπε
607 888 638 944 ἐκ
662 886 715 959 τῆς
738 882 840 961 χώρης·
874 881 921 942 καὶ

115 975 208 1031 ταῦτα
216 974 344 1042 ποιεῦσα,
353 970 423 1047 αὐτῆ
431 997 463 1031 τε
474 970 624 1049 εὐφρανέαι
634 972 680 1030 καὶ
691 970 728 1031 τά
736 970 922 1047 ἐντεταλμένα

116 1057 275 1135 ποιήσεις.”
314 1058 371 1119 Τόν
393 1062 446 1135 μὲν
468 1058 503 1135 δῆ
525 1058 676 1137 εἰρύσαντα
699 1062 757 1119 τοῖν
778 1057 866 1127 τόξων
886 1056 968 1120 τόῙΟ

117 1146 222 1223 ἕτερον,
237 1146 298 1228 (δύο
310 1146 365 1227 γάρ
380 1146 414 1222 δῆ
428 1147 542 1225 φορέειν
556 1148 624 1211 τέως
635 1146 800 1227 Ἡρακλέα)
813 1145 860 1205 καὶ
871 1144 921 1206 τόν

116 1234 249 1312 ζωστῆρα
269 1233 450 1312 προδέξαντα,
477 1233 649 1310 παραδοῦναι
667 1232 702 1294 τό
721 1232 804 1301 τόξον
822 1258 855 1293 τε
874 1234 921 1293 καὶ

114 1321 168 1381 τόν
185 1323 315 1399 ζωστῆρα
331 1324 430 1402 ἔχοντα
447 1321 489 1382 ἐπ’
508 1321 594 1399 ἄκρης
610 1324 662 1397 τῆς
681 1322 834 1397 συμβολῆς
853 1320 918 1395 φιά-

114 1412 173 1486 λην
198 1412 330 1489 χρυσέην,
350 1410 462 1472 διδόντα
485 1410 516 1470 δὲ
542 1408 795 1469 ἀπαλλάσσεσθαι·
814 1406 868 1483 τῆν
886 1407 920 1479 δ’,

115 1498 181 1557 ἐπεί
197 1502 224 1557 οί
244 1498 408 1580 γενομένους
426 1497 492 1562 τούς
511 1497 613 1561 παῖδας
635 1496 816 1575 ἀνδρωθῆναι,
835 1499 924 1556 τοῦτο

115 1584 170 1661 μέν
195 1591 252 1662 σφι
280 1585 421 1662 οὐνόματα
450 1586 561 1656 θέσθαι,
591 1589 631 1665 τῷ
658 1586 711 1661 μὲν
740 1581 920 1665 Ἀγάθυρσον

116 1671 218 1745 αύτῶν,
230 1675 270 1753 τῷ
289 1672 313 1733 δ’
332 1673 455 1754 ἑπομένῳ
471 1671 607 1743 Γελωνόν,
621 1671 733 1751 Σκύθην
749 1672 780 1731 δέ
798 1675 837 1753 τῷ
855 1698 919 1732 νεω-

114 1760 200 1841 τάτη·
229 1765 312 1823 τοῦτο
333 1762 363 1822 δὲ
382 1765 433 1839 τῆς
454 1766 608 1839 ἐπιστολῆς
632 1761 810 1839 μεμνημένην
830 1759 919 1837 αάτῆν

115 1853 237 1924 ποιῆσαι
255 1851 292 1910 τοὶ
320 1851 513 1928 ἐντεταλμένα·
540 1848 642 1926 καὶδῆ
669 1849 719 1910 δύο
744 1850 797 1926 μέν
818 1851 846 1908 οἶ
864 1853 921 1910 τῶν

115 1937 231 2008 παίδων,
250 1937 302 1998 τόν
323 1963 354 1997 τε
373 1937 552 2019 Ἀγάθυρσον
572 1938 620 1996 καὶ
638 1936 689 1998 τόν
709 1934 844 2006 Γελωνόν,
865 1935 916 1996 ούκ

117 2025 194 2089 οἵους
204 2051 236 2086 τε
247 2025 412 2107 γενομένους
431 2025 573 2096 ἐξικέσθαι
589 2023 661 2101 πρός
675 2023 725 2084 τόν
736 2022 918 2099 προκείμενον

117 2110 229 2185 άεθλον,
250 2114 380 2194 οἴχεσθαι
407 2119 438 2173 ἐκ
463 2117 515 2189 τῆς
541 2111 634 2192 χάρης
654 2110 844 2187 ἐκβληθέντας
861 2109 918 2170 ύπδ

116 2205 169 2278 τῆς
192 2202 364 2283 γειναμένης,
389 2201 439 2262 τόν
465 2201 495 2260 δὲ
521 2199 657 2262 νεόκοτον
683 2197 775 2260 αὐτῶν
797 2196 916 2274 Σκύθην,

118 2289 327 2360 ἐπιτελέσαντα,
343 2292 505 2368 καταμεῖναι
520 2293 551 2349 ἐν
569 2291 606 2367 τῆ
625 2287 713 2368 χάρη·
733 2286 781 2347 καὶ
796 2285 853 2346 ἀπό
867 2288 919 2363 μὲν

119 2376 229 2443 Σκύθεω
245 2383 296 2439 τοῦ
311 2378 468 2456 Ἡρακλέος
484 2375 618 2459 γενέσθαι
630 2377 694 2440 τούς
710 2376 764 2435 αἰεὶ
775 2373 919 2452 βασιλέας

117 2465 279 2547 γινομένους
298 2465 437 2531 Σκυθέων·
457 2464 513 2526 ἀπό
534 2465 565 2525 δέ
583 2469 634 2542 τῆς
653 2464 760 2542 φιάλης
780 2464 821 2523 ἔτι
837 2463 883 2522 καὶ
899 2467 927 2526 ές

117 2550 184 2612 τόδε
202 2553 308 2631 φιάλας
327 2559 358 2614 ἐκ
377 2557 433 2615 τῶν
453 2552 601 2631 ζωστήρων
615 2553 729 2631 φορέειν
749 2551 866 2623 Σκύθας,
883 2550 918 2611 τό

119 2638 155 2716 δῆ
167 2645 271 2717 μοῦνον
282 2642 505 2723 μηχανήσασθαι
517 2641 570 2717 τῆν
582 2641 690 2719 μητέρα
699 2639 804 2719 Σκύθῃ.
828 2643 920 2701 ταῦτα

119 2727 150 2788 δὲ
160 2727 305 2806 Ἑλλήνων
319 2729 408 2792 οἰτόν
420 2728 532 2790 Πόντον
545 2727 680 2791 οἰκέοντες
692 2727 821 2809 λέγουσι.

154 2813 239 2877 Ἔστι
251 2817 282 2878 δὲ
299 2819 345 2878 καὶ
362 2817 452 2880 ἄλλος
469 2815 557 2897 λόγος
576 2817 645 2894 ’έχων
659 2813 719 2886 ὧδε,
732 2819 771 2894 τῷ
790 2812 963 2890 μάλισταῙΙ

119 2905 261 2987 λεγομένῳ
281 2905 363 2969 αὐτός
380 2905 561 2982 πρόσκειμαι·
582 2902 691 2968 Σκύθας
705 2900 771 2966 τούς
788 2901 917 2978 νομάδας,

120 2990 258 3057 οἰκέοντας
284 2999 314 3054 ἐν
338 2996 375 3073 τῆ
400 2991 494 3073 Ἀσίη,
527 2991 644 3072 πολέμῳ
671 2987 838 3052 πιεσθέντας
863 2987 918 3048 ύπδ

120 3081 333 3164 Μασσαγετέων
345 3083 475 3163 οἴχεσθαι
493 3080 645 3158 διαβάντας
659 3076 788 3155 ποταμόν
798 3076 919 3154 Ἀράξεα

121 3167 166 3228 ἐπὶ
178 3172 233 3249 γῆν
247 3169 299 3244 τῆν
312 3170 479 3248 Κιμμερίην·
499 3169 552 3245 τῆν
563 3169 619 3251 γάρ
639 3171 688 3227 νῦν
705 3167 835 3244 νέμονται
848 3163 918 3230 Σκύ-

121 3255 176 3326 θαι,
190 3254 260 3333 αὗιη
273 3257 385 3324 λέγεται
396 3255 430 3316 τό
442 3255 566 3317 παλαιόν
579 3256 649 3317 εἶναι
662 3252 832 3334 Κιμμερίων·
850 3250 918 3316 τούς

979 3336 1062 3446 Α
