2150 3500
111 93 221 158 ιιι-ιι]
447 87 582 144 enm.
862 91 912 145 υτ

109 173 204 250 ραννὶς
222 175 319 251 χρῆμα
339 170 497 249 σφαλερόν·
517 170 626 233 πολλοὶ
645 170 677 232 δέ
691 170 776 247 αότῆς
795 170 914 247 ἐρασταί

110 260 205 331 εἷσι,ό
225 262 255 319 δὲ
271 260 359 341 γέρων
371 284 403 319 τε
418 258 472 335 ἤδη
493 260 540 318 καὶ
552 258 733 336 παρηβηκός·
753 258 793 334 μή
810 258 862 335 δῷς
876 256 912 318 τά

109 352 234 409 σεωυτοῦ
247 347 341 430 ἀγαθά
355 344 498 407 άλλοισι·”
518 347 537 424 ἦ
549 350 602 425 μὲν
615 346 649 423 δὴ
662 347 699 408 τά
712 344 912 427 ἐπαγωγότατα

108 436 275 516 διδαχθεῖσα
294 434 350 495 ὑπό
369 440 420 495 τοῦ
440 435 546 511 πατρός
563 437 642 516 ἔλεγε
657 433 729 513 πρός
741 433 864 502 αὖτόν,ό
883 432 912 493 δέ

106 522 327 601 ὖποκρινάμενος
339 523 395 600 ἐφη
409 522 606 601 οὐδαμάιῆξειν
620 528 648 586 ἐς
661 522 800 599 Κόρινθον
810 519 868 581 ἐστ’
878 518 913 580 ἂν

106 611 281 687 πυνθάνηται
294 610 442 688 περιεόντα
453 610 503 671 τόν
515 612 633 688 πατέρα·
654 609 868 692 ἀπαγγειλάσης
882 610 912 669 δὲ

105 698 210 775 ταύτης
226 702 315 758 ταῦτα
333 696 366 759 τό
385 698 479 774 τρίτον
496 698 668 776 Περίανδρος
681 698 786 774 κήρυκα
798 698 911 774 πέμπει,

104 785 285 863 βουλόμενος
302 783 385 849 αότός
397 788 450 861 μὲν
463 790 491 848 ἐς
504 787 651 865 Κέρκυραν
661 783 746 861 ἥκειν,
762 789 865 845 ἐκεῖνον
881 784 912 844 δέ

106 874 218 933 ἐκέλευε
239 878 266 937 ἐς
287 872 428 949 Κόρινθον
447 872 618 951 ἀπικόμενον
633 872 765 952 διάδοχον
781 873 911 954 γίνεσθαι

104 964 159 1036 τῆς
178 962 347 1039 τυραννίδος·
374 963 590 1024 καταινέσαντος
610 959 634 1020 δ’
649 961 696 1021 ἐπὶ
714 960 840 1020 τούτοισι
859 963 910 1021 τοῦ

104 1048 240 1121 παιδός,ὄ
253 1052 305 1126 μέν
313 1049 485 1127 Περίανδρος
495 1049 649 1110 ἐστέλλετο
663 1053 690 1112 ἐς
702 1047 755 1124 τόν
765 1050 911 1126 Κέρκυραν

106 1135 125 1196 ό
141 1136 171 1196 δὲ
190 1141 256 1201 παῖς
276 1140 303 1197 οἶ
321 1142 349 1201 ἐς
366 1137 419 1215 τήν
437 1136 587 1213 Κόρινθον·
607 1136 744 1212 μαθόντες
756 1136 786 1195 δέ
798 1140 825 1196 οἱ
839 1142 911 1213 Κερ-

105 1228 217 1300 κυραῖοι
235 1224 340 1285 τούτων
361 1224 475 1295 ἕκαστα,
497 1226 543 1284 ἵνα
562 1224 603 1300 μή
623 1230 679 1300 σφι
699 1224 870 1300 Περίανδρος
883 1228 911 1286 ἐς

104 1310 160 1387 τήν
176 1311 271 1391 χάρην
284 1312 417 1388 ἀπίκηται
434 1311 574 1372 κτείνουσι
591 1310 642 1371 τόν
654 1311 809 1387 νεηνίσκον.
850 1309 912 1370 α’ντὶ
960 1370 968 1381 l

89 1398 211 1459 τούτων
223 1403 275 1477 μὲν
288 1400 460 1478 Περίανδρος
473 1400 662 1476 Κερκυραίους
674 1398 844 1475 ἐτιμωρέετο.

147 1487 364 1565 Λακεδαιμόνιοι
377 1487 407 1546 δὲ
420 1486 516 1566 στόλῳ
524 1486 640 1567 μεγάλῳ
650 1484 686 1549 κός
695 1484 837 1555 ἀπίκοντο,
848 1489 911 1545 ἐπα·
919 1487 958 1544 54

105 1574 237 1652 λιόρκεον
254 1576 359 1652 Σάμον·
394 1574 612 1653 προσβαλόντες
630 1575 660 1634 δέ
677 1572 747 1650 πρός
767 1572 800 1633 τό
817 1576 911 1652 τεῖχος

105 1666 158 1723 τοῦ
180 1665 233 1740 μὲν
254 1661 325 1740 πρός
347 1662 483 1743 θαλάσση
504 1666 639 1725 ἑστεῶτος
658 1662 767 1743 πύργου
787 1660 857 1722 κατά
877 1660 911 1722 τό

106 1752 278 1828 προάστειον
294 1755 344 1828 τῆς
361 1751 462 1814 πόλιος
474 1751 668 1830 ὑπερέβησαν·
689 1750 760 1828 μετά
773 1752 811 1821 δέ,
825 1746 912 1810 αι’ντοῦ

20 1859 25 1867 ·
105 1839 308 1918 βοηθήσαντος
320 1838 518 1917 Πολυκράτεος
532 1840 607 1918 χειρὶ
622 1843 729 1917 πολλῇ,
743 1839 910 1915 α’πηλάσθη-

107 1954 175 1988 σαν·
197 1927 267 1988 κατά
285 1929 315 1988 δέ
329 1927 380 1987 τόν
398 1927 489 1987 ἐπάνω
505 1927 614 2008 πόργον
626 1927 677 1986 τόν
690 1928 736 1984 ἐπὶ
751 1930 802 2000 τῆς
814 1926 912 2005 ῥάχιος

106 2020 160 2076 τοῦ
180 2005 275 2093 οόρεδς
295 2015 418 2086 ἐπεόντα,
440 2015 597 2090 ἐπεξῆλθον
614 2014 644 2073 οἶ
658 2039 689 2073 τε
708 2015 848 2090 ἐπίκουροι
865 2015 912 2074 καὶ

107 2102 201 2164 αὐτόν
213 2105 325 2181 Σαμίων
341 2102 449 2184 συχνοὶ,
463 2101 608 2178 δεξάμενοι
621 2101 650 2160 δέ
663 2101 727 2164 τούς
740 2101 912 2177 Λακεδαιμο·

107 2191 183 2255 νίους
203 2191 245 2252 ἐπ’
262 2190 361 2273 ὀλίγον
379 2190 482 2270 χρόνον
502 2189 622 2270 ἔφευγον
641 2187 743 2248 όπίσω·
765 2191 792 2247 οἶ
810 2188 839 2247 δέ
855 2194 912 2247 ε’πι-

107 2279 247 2356 σπόμενοι
266 2281 394 2339 ἔκτεινον.
427 2281 464 2337 Ei
479 2277 532 2353 μέν
547 2302 595 2337 νυν
613 2279 640 2336 οἱ
657 2276 807 2354 παρεόντες
824 2281 912 2335 Λακε-
920 2279 959 2336 55

108 2366 257 2444 δαιμονίων
270 2366 363 2445 ὁμοῖοι
376 2364 620 2447 ἐγένοντοσαότην
632 2364 684 2440 τήν
692 2364 799 2441 ἡμέρην
811 2363 912 2444 Ἀρχίῃ

105 2479 139 2514 τε
160 2455 206 2514 καὶ
223 2454 354 2534 Λυκάπρ,
371 2454 469 2531 αἱρέθη
484 2451 518 2512 ἂν
534 2452 638 2529 Σάμος·
659 2453 774 2533 Ἀρχίης
792 2453 849 2534 γάρ
866 2454 912 2512 καὶ

106 2542 245 2618 Λυκώπης
260 2547 359 2619 μοῦνοι
375 2539 599 2603 συνεσπεσόντες
615 2540 754 2623 φεύγουσι
772 2546 800 2605 ἐς
811 2540 845 2602 τό
857 2544 912 2601 τεῖ-

106 2656 161 2710 χος
179 2633 256 2691 τοῖσι
276 2631 411 2707 Σαμίοισι
427 2629 473 2688 καὶ
493 2627 731 2705 άποκληϊσθέντες
749 2632 801 2706 τῆς
820 2629 912 2689 α’πίσω

107 2719 185 2790 ὁδοῦ,
198 2718 337 2780 οἷπέθανον
351 2723 381 2778 ἐν
392 2721 428 2796 τῇ
441 2717 511 2777 πόλι
522 2721 560 2796 τῇ
573 2718 695 2794 Σαμίων.
722 2717 806 2797 τρίτῳ
819 2717 849 2775 δέ
862 2715 909 2776 ἀπ’

106 2806 227 2886 Ἀρχίεω
247 2805 347 2867 τούτου
366 2805 496 2887 γεγονότι
515 2804 595 2884 όλλκρ
613 2803 723 2883 Ἀρχίῃ,
743 2807 782 2882 τῷ
802 2804 911 2879 Σαμίου
977 2876 982 2884 .

106 2899 160 2957 τοῦ
178 2894 304 2973 Ἀρχίεω,
322 2892 405 2957 αότός
422 2898 451 2952 ἐν
467 2891 578 2970 Πιτάνη
595 2890 791 2971 συνεγενόμην,
809 2890 911 2970 (δήμου

106 2983 164 3066 γάρ
180 2982 279 3043 τούτου
295 2981 351 3062 ἧν,)
366 2981 397 3045 ὃς
414 2981 509 3051 ξείνων
522 2979 632 3040 πάντων
645 2979 773 3056 μάλιστα
787 2977 868 3054 ἐτίμα
880 3004 912 3038 τε

108 3071 240 3148 Σαμίους,
255 3072 304 3129 καί
318 3073 344 3129 οἶ
357 3073 395 3149 τῷ
407 3070 493 3147 πατρὶ
507 3070 563 3146 ἐφη
580 3067 688 3145 Σάμιον
699 3065 822 3143 τοῦνομα
833 3067 913 3142 τεθῆ-

108 3184 157 3220 ναι
170 3159 213 3218 ὅτι
226 3162 253 3218 οἱ
266 3159 282 3218 ό
295 3157 388 3234 πατὴρ
400 3156 517 3236 Ἀρχίης
531 3162 561 3216 ἐν
575 3156 660 3235 Σάμῳ
674 3153 843 3232 όριστεόσας
856 3158 913 3214 ἐτε-

108 3243 242 3324 λείντησε·
255 3250 341 3324 τιμάν
353 3244 383 3304 δέ
396 3246 520 3321 Σαμίους
533 3246 596 3321 ἔφη,
605 3243 675 3303 διότι
687 3243 814 3318 ταφῆναί
824 3245 851 3302 οἱ
863 3241 914 3302 τόν
