<?xml version="1.0" encoding="UTF-8"?>
<!DOCTYPE html PUBLIC "-//W3C//DTD XHTML 1.0 Transitional//EN"
    "http://www.w3.org/TR/xhtml1/DTD/xhtml1-transitional.dtd">
<html xmlns="http://www.w3.org/1999/xhtml" xml:lang="en" lang="en">
 <head>
  <title>
</title>
<meta http-equiv="Content-Type" content="text/html;charset=utf-8" />
  <meta name='ocr-system' content='tesseract 3.04.00' />
  <meta name='ocr-capabilities' content='ocr_page ocr_carea ocr_par ocr_line ocrx_word'/>
</head>
<body>
  <div class='ocr_page' id='page_1' title='image "./herodotus00blakgoog_0128.png"; bbox 0 0 2150 3500; ppageno 0'>
   <div class='ocr_carea' id='block_1_1' title="bbox 54 152 949 2321">
    <p class='ocr_par' dir='ltr' id='par_1_1' title="bbox 89 152 948 2075">
     <span class='ocr_line' id='line_1_1' title="bbox 93 152 900 220; baseline 0 -16"><span class='ocrx_word' id='word_1_1' title='bbox 93 153 238 220; x_wconf 65' lang='grc' dir='ltr'>ιιι-ιιι]</span> <span class='ocrx_word' id='word_1_2' title='bbox 441 154 557 204; x_wconf 72' lang='lat' dir='ltr'>mm.</span> <span class='ocrx_word' id='word_1_3' title='bbox 854 152 900 204; x_wconf 77' lang='grc' dir='ltr'>ιον</span> 
     </span>
     <span class='ocr_line' id='line_1_2' title="bbox 91 228 900 311; baseline -0.004 -17"><span class='ocrx_word' id='word_1_4' title='bbox 91 236 150 294; x_wconf 84' lang='grc' dir='ltr'>τῶν</span> <span class='ocrx_word' id='word_1_5' title='bbox 168 233 260 292; x_wconf 81' lang='grc' dir='ltr'>ἵππων</span> <span class='ocrx_word' id='word_1_6' title='bbox 274 231 312 293; x_wconf 77' lang='grc' dir='ltr'>τῶ</span> <span class='ocrx_word' id='word_1_7' title='bbox 328 234 382 311; x_wconf 71' lang='grc' dir='ltr'>μὲν</span> <span class='ocrx_word' id='word_1_8' title='bbox 398 232 464 310; x_wconf 86' lang='grc' dir='ltr'>περὶ</span> <span class='ocrx_word' id='word_1_9' title='bbox 479 232 515 292; x_wconf 73' lang='grc' dir='ltr'>τὰ</span> <span class='ocrx_word' id='word_1_10' title='bbox 535 232 640 310; x_wconf 80' lang='grc' dir='ltr'>στέρνα</span> <span class='ocrx_word' id='word_1_11' title='bbox 659 230 797 310; x_wconf 80' lang='grc' dir='ltr'>χαλκέους</span> <span class='ocrx_word' id='word_1_12' title='bbox 814 228 900 309; x_wconf 81' lang='grc' dir='ltr'>θύρη-</span> 
     </span>
     <span class='ocr_line' id='line_1_3' title="bbox 92 318 901 400; baseline 0 -20"><span class='ocrx_word' id='word_1_13' title='bbox 92 331 145 385; x_wconf 87' lang='grc' dir='ltr'>κάς</span> <span class='ocrx_word' id='word_1_14' title='bbox 163 319 385 398; x_wconf 81' lang='grc' dir='ltr'>περιβάλλουσι·</span> <span class='ocrx_word' id='word_1_15' title='bbox 421 319 457 381; x_wconf 80' lang='grc' dir='ltr'>τοὶ</span> <span class='ocrx_word' id='word_1_16' title='bbox 480 321 510 380; x_wconf 84' lang='grc' dir='ltr'>δὲ</span> <span class='ocrx_word' id='word_1_17' title='bbox 532 320 596 398; x_wconf 84' lang='grc' dir='ltr'>περὶ</span> <span class='ocrx_word' id='word_1_18' title='bbox 616 319 681 383; x_wconf 78' lang='grc' dir='ltr'>τούς</span> <span class='ocrx_word' id='word_1_19' title='bbox 700 318 834 400; x_wconf 76' lang='grc' dir='ltr'>χαλινούς</span> <span class='ocrx_word' id='word_1_20' title='bbox 855 320 901 380; x_wconf 84' lang='grc' dir='ltr'>καὶ</span> 
     </span>
     <span class='ocr_line' id='line_1_4' title="bbox 92 405 901 488; baseline -0.004 -19"><span class='ocrx_word' id='word_1_21' title='bbox 92 408 201 486; x_wconf 78' lang='grc' dir='ltr'>στόμια</span> <span class='ocrx_word' id='word_1_22' title='bbox 218 409 265 467; x_wconf 85' lang='grc' dir='ltr'>καὶ</span> <span class='ocrx_word' id='word_1_23' title='bbox 278 407 397 486; x_wconf 89' lang='grc' dir='ltr'>φάλαρα</span> <span class='ocrx_word' id='word_1_24' title='bbox 409 412 513 487; x_wconf 74' lang='grc' dir='ltr'>χρυσῶ.</span> <span class='ocrx_word' id='word_1_25' title='bbox 544 407 650 487; x_wconf 77' lang='grc' dir='ltr'>σιδήρῳ</span> <span class='ocrx_word' id='word_1_26' title='bbox 669 407 699 466; x_wconf 81' lang='grc' dir='ltr'>δὲ</span> <span class='ocrx_word' id='word_1_27' title='bbox 718 405 774 466; x_wconf 73' lang='grc' dir='ltr'>οὐδ’</span> <span class='ocrx_word' id='word_1_28' title='bbox 791 405 901 488; x_wconf 75' lang='grc' dir='ltr'>ἀργύρῳ</span> 
     </span>
     <span class='ocr_line' id='line_1_5' title="bbox 90 493 901 578; baseline 0.001 -23"><span class='ocrx_word' id='word_1_29' title='bbox 90 497 230 575; x_wconf 84' lang='grc' dir='ltr'>χρέωνται</span> <span class='ocrx_word' id='word_1_30' title='bbox 249 493 339 556; x_wconf 77' lang='grc' dir='ltr'>οόδέν·</span> <span class='ocrx_word' id='word_1_31' title='bbox 380 495 444 555; x_wconf 76' lang='grc' dir='ltr'>οὐδὲ</span> <span class='ocrx_word' id='word_1_32' title='bbox 469 495 525 578; x_wconf 74' lang='grc' dir='ltr'>γάρ</span> <span class='ocrx_word' id='word_1_33' title='bbox 553 493 618 556; x_wconf 78' lang='grc' dir='ltr'>οὐδέ</span> <span class='ocrx_word' id='word_1_34' title='bbox 637 495 696 571; x_wconf 91' lang='grc' dir='ltr'>σφί</span> <span class='ocrx_word' id='word_1_35' title='bbox 720 499 783 555; x_wconf 88' lang='grc' dir='ltr'>ε’στι</span> <span class='ocrx_word' id='word_1_36' title='bbox 810 501 838 556; x_wconf 90' lang='grc' dir='ltr'>ε’ν</span> <span class='ocrx_word' id='word_1_37' title='bbox 858 500 901 575; x_wconf 80' lang='grc' dir='ltr'>τῇ</span> 
     </span>
     <span class='ocr_line' id='line_1_6' title="bbox 91 581 948 664; baseline 0.001 -21"><span class='ocrx_word' id='word_1_38' title='bbox 91 583 181 664; x_wconf 75' lang='grc' dir='ltr'>χαίρῃ·</span> <span class='ocrx_word' id='word_1_39' title='bbox 200 583 216 644; x_wconf 83' lang='grc' dir='ltr'>ὁ</span> <span class='ocrx_word' id='word_1_40' title='bbox 231 583 260 643; x_wconf 80' lang='grc' dir='ltr'>δὲ</span> <span class='ocrx_word' id='word_1_41' title='bbox 272 582 379 662; x_wconf 80' lang='grc' dir='ltr'>χρυσός</span> <span class='ocrx_word' id='word_1_42' title='bbox 393 582 466 644; x_wconf 84' lang='grc' dir='ltr'>καὶὸ</span> <span class='ocrx_word' id='word_1_43' title='bbox 478 582 588 663; x_wconf 78' lang='grc' dir='ltr'>χαλκός</span> <span class='ocrx_word' id='word_1_44' title='bbox 602 581 732 648; x_wconf 76' lang='grc' dir='ltr'>ἄπλετος.</span> <span class='ocrx_word' id='word_1_45' title='bbox 753 583 880 660; x_wconf 88' lang='grc' dir='ltr'>Νόμοισι</span> <span class='ocrx_word' id='word_1_46' title='bbox 890 584 948 644; x_wconf 81' lang='grc'>216</span> 
     </span>
     <span class='ocr_line' id='line_1_7' title="bbox 92 671 901 753; baseline 0 -22"><span class='ocrx_word' id='word_1_47' title='bbox 92 672 125 732; x_wconf 81' lang='grc' dir='ltr'>δὲ</span> <span class='ocrx_word' id='word_1_48' title='bbox 144 672 280 752; x_wconf 86' lang='grc' dir='ltr'>χρέωνται</span> <span class='ocrx_word' id='word_1_49' title='bbox 295 671 427 732; x_wconf 83' lang='grc' dir='ltr'>τοιοῖσδε·</span> <span class='ocrx_word' id='word_1_50' title='bbox 450 675 570 753; x_wconf 82' lang='grc' dir='ltr'>γυναῖκα</span> <span class='ocrx_word' id='word_1_51' title='bbox 592 673 644 748; x_wconf 72' lang='grc' dir='ltr'>μὲν</span> <span class='ocrx_word' id='word_1_52' title='bbox 661 671 760 753; x_wconf 79' lang='grc' dir='ltr'>γαμέει</span> <span class='ocrx_word' id='word_1_53' title='bbox 784 671 901 734; x_wconf 81' lang='grc' dir='ltr'>ἕκαστος</span> 
     </span>
     <span class='ocr_line' id='line_1_8' title="bbox 91 757 902 841; baseline -0.002 -21"><span class='ocrx_word' id='word_1_54' title='bbox 91 759 215 838; x_wconf 82' lang='grc' dir='ltr'>ταύτῃσι</span> <span class='ocrx_word' id='word_1_55' title='bbox 235 759 265 818; x_wconf 79' lang='grc' dir='ltr'>δὲ</span> <span class='ocrx_word' id='word_1_56' title='bbox 285 759 410 820; x_wconf 80' lang='grc' dir='ltr'>ἐπίκοινα</span> <span class='ocrx_word' id='word_1_57' title='bbox 430 761 575 838; x_wconf 87' lang='grc' dir='ltr'>χρέωνται·</span> <span class='ocrx_word' id='word_1_58' title='bbox 596 757 686 841; x_wconf 77' lang='grc' dir='ltr'>ὃγοὶρ</span> <span class='ocrx_word' id='word_1_59' title='bbox 703 757 811 824; x_wconf 78' lang='grc' dir='ltr'>Σκύθας</span> <span class='ocrx_word' id='word_1_60' title='bbox 827 759 902 835; x_wconf 84' lang='grc' dir='ltr'>φασὶ</span> 
     </span>
     <span class='ocr_line' id='line_1_9' title="bbox 89 845 900 924; baseline 0.001 -17"><span class='ocrx_word' id='word_1_61' title='bbox 89 847 232 924; x_wconf 83' lang='grc' dir='ltr'>Έλληνες</span> <span class='ocrx_word' id='word_1_62' title='bbox 243 847 355 918; x_wconf 80' lang='grc' dir='ltr'>ποιέειν,</span> <span class='ocrx_word' id='word_1_63' title='bbox 375 847 408 907; x_wconf 79' lang='grc' dir='ltr'>οὗ</span> <span class='ocrx_word' id='word_1_64' title='bbox 422 848 528 912; x_wconf 77' lang='grc' dir='ltr'>Σκύθαι</span> <span class='ocrx_word' id='word_1_65' title='bbox 547 846 604 908; x_wconf 80' lang='grc' dir='ltr'>εἶσὶ</span> <span class='ocrx_word' id='word_1_66' title='bbox 622 850 649 907; x_wconf 88' lang='grc' dir='ltr'>οἱ</span> <span class='ocrx_word' id='word_1_67' title='bbox 667 847 807 910; x_wconf 79' lang='grc' dir='ltr'>ποιέοντες</span> <span class='ocrx_word' id='word_1_68' title='bbox 821 845 900 908; x_wconf 72' lang='grc' dir='ltr'>α’λλῶ</span> 
     </span>
     <span class='ocr_line' id='line_1_10' title="bbox 94 933 901 1017; baseline 0 -22"><span class='ocrx_word' id='word_1_69' title='bbox 94 935 298 1017; x_wconf 79' lang='grc' dir='ltr'>Μασσαγέται·</span> <span class='ocrx_word' id='word_1_70' title='bbox 326 939 377 1011; x_wconf 80' lang='grc' dir='ltr'>τῆς</span> <span class='ocrx_word' id='word_1_71' title='bbox 396 935 451 1016; x_wconf 74' lang='grc' dir='ltr'>γάρ</span> <span class='ocrx_word' id='word_1_72' title='bbox 474 934 644 1012; x_wconf 78' lang='grc' dir='ltr'>ἐπιθυμήσει</span> <span class='ocrx_word' id='word_1_73' title='bbox 662 933 791 1017; x_wconf 78' lang='grc' dir='ltr'>γυναικός</span> <span class='ocrx_word' id='word_1_74' title='bbox 817 937 901 996; x_wconf 87' lang='grc' dir='ltr'>Μασ-</span> 
     </span>
     <span class='ocr_line' id='line_1_11' title="bbox 93 1021 899 1105; baseline 0 -21"><span class='ocrx_word' id='word_1_75' title='bbox 93 1024 219 1105; x_wconf 80' lang='grc' dir='ltr'>σαγέτης</span> <span class='ocrx_word' id='word_1_76' title='bbox 239 1022 318 1100; x_wconf 77' lang='grc' dir='ltr'>οἶνῆρ,</span> <span class='ocrx_word' id='word_1_77' title='bbox 343 1022 393 1083; x_wconf 79' lang='grc' dir='ltr'>τόν</span> <span class='ocrx_word' id='word_1_78' title='bbox 415 1026 596 1102; x_wconf 83' lang='grc' dir='ltr'>φαρετρεῶνα</span> <span class='ocrx_word' id='word_1_79' title='bbox 622 1021 822 1100; x_wconf 75' lang='grc' dir='ltr'>ἀποκρεμάσας</span> <span class='ocrx_word' id='word_1_80' title='bbox 843 1021 899 1100; x_wconf 78' lang='grc' dir='ltr'>πρῶ</span> 
     </span>
     <span class='ocr_line' id='line_1_12' title="bbox 93 1109 903 1192; baseline 0.001 -21"><span class='ocrx_word' id='word_1_81' title='bbox 93 1115 147 1188; x_wconf 79' lang='grc' dir='ltr'>τῆς</span> <span class='ocrx_word' id='word_1_82' title='bbox 163 1110 271 1189; x_wconf 69' lang='grc' dir='ltr'>ἁμάξης</span> <span class='ocrx_word' id='word_1_83' title='bbox 286 1112 420 1192; x_wconf 88' lang='grc' dir='ltr'>μίσγεται</span> <span class='ocrx_word' id='word_1_84' title='bbox 438 1111 532 1175; x_wconf 77' lang='grc' dir='ltr'>ἀδεῶς.</span> <span class='ocrx_word' id='word_1_85' title='bbox 575 1110 656 1192; x_wconf 77' lang='grc' dir='ltr'>οὖρος</span> <span class='ocrx_word' id='word_1_86' title='bbox 670 1111 700 1170; x_wconf 80' lang='grc' dir='ltr'>δὲ</span> <span class='ocrx_word' id='word_1_87' title='bbox 716 1109 828 1187; x_wconf 81' lang='grc' dir='ltr'>ἡλικίης</span> <span class='ocrx_word' id='word_1_88' title='bbox 846 1117 903 1188; x_wconf 89' lang='grc' dir='ltr'>σφι</span> 
     </span>
     <span class='ocr_line' id='line_1_13' title="bbox 94 1197 901 1281; baseline 0 -23"><span class='ocrx_word' id='word_1_89' title='bbox 94 1201 245 1277; x_wconf 89' lang='grc' dir='ltr'>προκέεται</span> <span class='ocrx_word' id='word_1_90' title='bbox 260 1198 350 1262; x_wconf 77' lang='grc' dir='ltr'>ἄλλος</span> <span class='ocrx_word' id='word_1_91' title='bbox 369 1201 422 1276; x_wconf 78' lang='grc' dir='ltr'>μὲν</span> <span class='ocrx_word' id='word_1_92' title='bbox 439 1197 535 1263; x_wconf 81' lang='grc' dir='ltr'>οὐδείς·</span> <span class='ocrx_word' id='word_1_93' title='bbox 564 1199 649 1259; x_wconf 81' lang='grc' dir='ltr'>ε’πεοὶν</span> <span class='ocrx_word' id='word_1_94' title='bbox 668 1199 697 1258; x_wconf 84' lang='grc' dir='ltr'>δὲ</span> <span class='ocrx_word' id='word_1_95' title='bbox 716 1199 805 1279; x_wconf 89' lang='grc' dir='ltr'>γέρων</span> <span class='ocrx_word' id='word_1_96' title='bbox 822 1201 901 1281; x_wconf 87' lang='grc' dir='ltr'>γένη-</span> 
     </span>
     <span class='ocr_line' id='line_1_14' title="bbox 94 1285 902 1365; baseline -0.001 -18"><span class='ocrx_word' id='word_1_97' title='bbox 94 1313 145 1347; x_wconf 89' lang='grc' dir='ltr'>ται</span> <span class='ocrx_word' id='word_1_98' title='bbox 165 1287 260 1365; x_wconf 80' lang='grc' dir='ltr'>κάρτα,</span> <span class='ocrx_word' id='word_1_99' title='bbox 288 1290 315 1347; x_wconf 83' lang='grc' dir='ltr'>οἱ</span> <span class='ocrx_word' id='word_1_100' title='bbox 336 1286 527 1364; x_wconf 78' lang='grc' dir='ltr'>προσήκοντές</span> <span class='ocrx_word' id='word_1_101' title='bbox 549 1289 585 1347; x_wconf 81' lang='grc' dir='ltr'>οἱ·</span> <span class='ocrx_word' id='word_1_102' title='bbox 598 1285 700 1350; x_wconf 86' lang='grc' dir='ltr'>πάντες</span> <span class='ocrx_word' id='word_1_103' title='bbox 721 1287 902 1352; x_wconf 86' lang='grc' dir='ltr'>συνελθόντες</span> 
     </span>
     <span class='ocr_line' id='line_1_15' title="bbox 96 1371 903 1454; baseline -0.002 -18"><span class='ocrx_word' id='word_1_104' title='bbox 96 1374 201 1436; x_wconf 88' lang='grc' dir='ltr'>θύουσί</span> <span class='ocrx_word' id='word_1_105' title='bbox 209 1401 259 1453; x_wconf 93' lang='grc' dir='ltr'>μιν</span> <span class='ocrx_word' id='word_1_106' title='bbox 271 1375 318 1434; x_wconf 87' lang='grc' dir='ltr'>καὶ</span> <span class='ocrx_word' id='word_1_107' title='bbox 330 1373 407 1434; x_wconf 82' lang='grc' dir='ltr'>ἅλλα</span> <span class='ocrx_word' id='word_1_108' title='bbox 419 1375 553 1454; x_wconf 88' lang='grc' dir='ltr'>πρόβατα</span> <span class='ocrx_word' id='word_1_109' title='bbox 566 1373 625 1453; x_wconf 78' lang='grc' dir='ltr'>ἅμα</span> <span class='ocrx_word' id='word_1_110' title='bbox 638 1372 721 1452; x_wconf 80' lang='grc' dir='ltr'>αύτῷ·</span> <span class='ocrx_word' id='word_1_111' title='bbox 738 1371 903 1452; x_wconf 63' lang='grc' dir='ltr'>ἑψήσαντες</span> 
     </span>
     <span class='ocr_line' id='line_1_16' title="bbox 96 1461 903 1543; baseline 0 -19"><span class='ocrx_word' id='word_1_112' title='bbox 96 1465 128 1524; x_wconf 80' lang='grc' dir='ltr'>δὲ</span> <span class='ocrx_word' id='word_1_113' title='bbox 148 1463 185 1524; x_wconf 77' lang='grc' dir='ltr'>τά</span> <span class='ocrx_word' id='word_1_114' title='bbox 206 1465 273 1542; x_wconf 89' lang='grc' dir='ltr'>κρέα</span> <span class='ocrx_word' id='word_1_115' title='bbox 294 1464 520 1543; x_wconf 88' lang='grc' dir='ltr'>κατευωχέονται.</span> <span class='ocrx_word' id='word_1_116' title='bbox 560 1467 649 1524; x_wconf 80' lang='grc' dir='ltr'>ταῦτα</span> <span class='ocrx_word' id='word_1_117' title='bbox 672 1464 723 1539; x_wconf 80' lang='grc' dir='ltr'>μὲν</span> <span class='ocrx_word' id='word_1_118' title='bbox 743 1461 780 1523; x_wconf 78' lang='grc' dir='ltr'>τοὶ</span> <span class='ocrx_word' id='word_1_119' title='bbox 800 1461 903 1539; x_wconf 75' lang='grc' dir='ltr'>ὀλβιό-</span> 
     </span>
     <span class='ocr_line' id='line_1_17' title="bbox 95 1550 903 1632; baseline -0.002 -20"><span class='ocrx_word' id='word_1_120' title='bbox 95 1551 169 1612; x_wconf 84' lang='grc' dir='ltr'>τατά</span> <span class='ocrx_word' id='word_1_121' title='bbox 188 1559 245 1629; x_wconf 86' lang='grc' dir='ltr'>σφι</span> <span class='ocrx_word' id='word_1_122' title='bbox 264 1551 436 1629; x_wconf 90' lang='grc' dir='ltr'>νενόμισται·</span> <span class='ocrx_word' id='word_1_123' title='bbox 463 1551 563 1612; x_wconf 78' lang='grc' dir='ltr'>τῶνδὲ</span> <span class='ocrx_word' id='word_1_124' title='bbox 583 1551 675 1632; x_wconf 78' lang='grc' dir='ltr'>νούσῳ</span> <span class='ocrx_word' id='word_1_125' title='bbox 695 1550 903 1627; x_wconf 72' lang='grc' dir='ltr'>τελευτήσαντα</span> 
     </span>
     <span class='ocr_line' id='line_1_18' title="bbox 97 1638 904 1721; baseline 0 -19"><span class='ocrx_word' id='word_1_126' title='bbox 97 1639 132 1702; x_wconf 83' lang='grc' dir='ltr'>ού</span> <span class='ocrx_word' id='word_1_127' title='bbox 158 1640 378 1711; x_wconf 86' lang='grc' dir='ltr'>κατασιτέονται,</span> <span class='ocrx_word' id='word_1_128' title='bbox 405 1639 482 1699; x_wconf 73' lang='grc' dir='ltr'>ἄλλα</span> <span class='ocrx_word' id='word_1_129' title='bbox 507 1644 546 1721; x_wconf 82' lang='grc' dir='ltr'>γῇ</span> <span class='ocrx_word' id='word_1_130' title='bbox 569 1638 724 1718; x_wconf 87' lang='grc' dir='ltr'>κρύπτουσι</span> <span class='ocrx_word' id='word_1_131' title='bbox 751 1639 904 1717; x_wconf 78' lang='grc' dir='ltr'>συμφορὴν</span> 
     </span>
     <span class='ocr_line' id='line_1_19' title="bbox 96 1723 903 1805; baseline 0.002 -17"><span class='ocrx_word' id='word_1_132' title='bbox 96 1727 257 1805; x_wconf 91' lang='grc' dir='ltr'>ποιεύμενοι</span> <span class='ocrx_word' id='word_1_133' title='bbox 270 1726 315 1789; x_wconf 80' lang='grc' dir='ltr'>ὅτι</span> <span class='ocrx_word' id='word_1_134' title='bbox 330 1727 380 1787; x_wconf 76' lang='grc' dir='ltr'>οὐκ</span> <span class='ocrx_word' id='word_1_135' title='bbox 400 1727 474 1787; x_wconf 85' lang='grc' dir='ltr'>ἵκετο</span> <span class='ocrx_word' id='word_1_136' title='bbox 491 1732 519 1792; x_wconf 85' lang='grc' dir='ltr'>ές</span> <span class='ocrx_word' id='word_1_137' title='bbox 536 1725 570 1789; x_wconf 79' lang='grc' dir='ltr'>τό</span> <span class='ocrx_word' id='word_1_138' title='bbox 585 1729 711 1804; x_wconf 81' lang='grc' dir='ltr'>τυθῆναι.</span> <span class='ocrx_word' id='word_1_139' title='bbox 753 1723 903 1805; x_wconf 82' lang='grc' dir='ltr'>σπείρουσι</span> 
     </span>
     <span class='ocr_line' id='line_1_20' title="bbox 96 1813 903 1895; baseline -0.001 -18"><span class='ocrx_word' id='word_1_140' title='bbox 96 1817 129 1877; x_wconf 78' lang='grc' dir='ltr'>δὲ</span> <span class='ocrx_word' id='word_1_141' title='bbox 141 1817 228 1889; x_wconf 81' lang='grc' dir='ltr'>οὐδὲν,</span> <span class='ocrx_word' id='word_1_142' title='bbox 242 1816 308 1876; x_wconf 75' lang='grc' dir='ltr'>ἀλλ’</span> <span class='ocrx_word' id='word_1_143' title='bbox 321 1815 377 1876; x_wconf 82' lang='grc' dir='ltr'>οἷπὸ</span> <span class='ocrx_word' id='word_1_144' title='bbox 391 1813 511 1892; x_wconf 79' lang='grc' dir='ltr'>κτηνέοιν</span> <span class='ocrx_word' id='word_1_145' title='bbox 523 1815 627 1888; x_wconf 81' lang='grc' dir='ltr'>ζῶουσι</span> <span class='ocrx_word' id='word_1_146' title='bbox 640 1817 686 1876; x_wconf 84' lang='grc' dir='ltr'>καὶ</span> <span class='ocrx_word' id='word_1_147' title='bbox 700 1814 810 1895; x_wconf 84' lang='grc' dir='ltr'>ἰχθύων.</span> <span class='ocrx_word' id='word_1_148' title='bbox 833 1818 860 1876; x_wconf 82' lang='grc' dir='ltr'>οἱ</span> <span class='ocrx_word' id='word_1_149' title='bbox 873 1816 903 1877; x_wconf 75' lang='grc' dir='ltr'>δὲ</span> 
     </span>
     <span class='ocr_line' id='line_1_21' title="bbox 96 1903 900 1985; baseline -0.002 -20"><span class='ocrx_word' id='word_1_150' title='bbox 96 1904 222 1982; x_wconf 80' lang='grc' dir='ltr'>ἄφθονοί</span> <span class='ocrx_word' id='word_1_151' title='bbox 232 1911 288 1981; x_wconf 90' lang='grc' dir='ltr'>σφι</span> <span class='ocrx_word' id='word_1_152' title='bbox 302 1910 332 1964; x_wconf 83' lang='grc' dir='ltr'>ἔκ</span> <span class='ocrx_word' id='word_1_153' title='bbox 348 1908 398 1964; x_wconf 84' lang='grc' dir='ltr'>τοῦ</span> <span class='ocrx_word' id='word_1_154' title='bbox 411 1903 534 1982; x_wconf 79' lang='grc' dir='ltr'>Ἀράξεω</span> <span class='ocrx_word' id='word_1_155' title='bbox 551 1907 680 1981; x_wconf 82' lang='grc' dir='ltr'>ποταμοῦ</span> <span class='ocrx_word' id='word_1_156' title='bbox 692 1903 900 1985; x_wconf 89' lang='grc' dir='ltr'>παραγίνονται·</span> 
     </span>
     <span class='ocr_line' id='line_1_22' title="bbox 95 1990 902 2075; baseline 0 -23"><span class='ocrx_word' id='word_1_157' title='bbox 95 1992 310 2075; x_wconf 84' lang='grc' dir='ltr'>γαλακτοπόται</span> <span class='ocrx_word' id='word_1_158' title='bbox 323 1993 353 2052; x_wconf 79' lang='grc' dir='ltr'>δὲ</span> <span class='ocrx_word' id='word_1_159' title='bbox 366 1992 428 2051; x_wconf 82' lang='grc' dir='ltr'>εἰσί.</span> <span class='ocrx_word' id='word_1_160' title='bbox 465 1992 535 2053; x_wconf 89' lang='grc' dir='ltr'>θεῶν</span> <span class='ocrx_word' id='word_1_161' title='bbox 546 1992 576 2051; x_wconf 80' lang='grc' dir='ltr'>δὲ</span> <span class='ocrx_word' id='word_1_162' title='bbox 588 1995 692 2068; x_wconf 82' lang='grc' dir='ltr'>μοῦνον</span> <span class='ocrx_word' id='word_1_163' title='bbox 704 1990 786 2067; x_wconf 84' lang='grc' dir='ltr'>ἥλιον</span> <span class='ocrx_word' id='word_1_164' title='bbox 800 1992 902 2067; x_wconf 86' lang='grc' dir='ltr'>σέβον-</span> 
     </span>
    </p>

    <p class='ocr_par' dir='ltr' id='par_1_2' title="bbox 54 2076 949 2321">
     <span class='ocr_line' id='line_1_23' title="bbox 54 2076 899 2160; baseline -0.006 -18"><span class='ocrx_word' id='word_1_165' title='bbox 54 2114 57 2117; x_wconf 59' lang='grc'><strong><em>’</em></strong></span> <span class='ocrx_word' id='word_1_166' title='bbox 96 2108 153 2153; x_wconf 88' lang='grc' dir='ltr'>ται,</span> <span class='ocrx_word' id='word_1_167' title='bbox 172 2086 211 2160; x_wconf 76' lang='grc' dir='ltr'>τῷ</span> <span class='ocrx_word' id='word_1_168' title='bbox 225 2080 326 2141; x_wconf 89' lang='grc' dir='ltr'>θύουσι</span> <span class='ocrx_word' id='word_1_169' title='bbox 345 2079 456 2143; x_wconf 80' lang='grc' dir='ltr'>ἵππους·</span> <span class='ocrx_word' id='word_1_170' title='bbox 482 2079 569 2157; x_wconf 84' lang='grc' dir='ltr'>νέμος</span> <span class='ocrx_word' id='word_1_171' title='bbox 582 2080 612 2139; x_wconf 80' lang='grc' dir='ltr'>δὲ</span> <span class='ocrx_word' id='word_1_172' title='bbox 625 2076 705 2141; x_wconf 82' lang='grc' dir='ltr'>οὗτος</span> <span class='ocrx_word' id='word_1_173' title='bbox 721 2082 773 2153; x_wconf 78' lang='grc' dir='ltr'>τῆς</span> <span class='ocrx_word' id='word_1_174' title='bbox 793 2079 899 2155; x_wconf 82' lang='grc' dir='ltr'>θυσίης·</span> 
     </span>
     <span class='ocr_line' id='line_1_24' title="bbox 97 2164 949 2249; baseline -0.005 -18"><span class='ocrx_word' id='word_1_175' title='bbox 97 2174 155 2231; x_wconf 87' lang='grc' dir='ltr'>τῶν</span> <span class='ocrx_word' id='word_1_176' title='bbox 168 2170 239 2229; x_wconf 86' lang='grc' dir='ltr'>θεῶν</span> <span class='ocrx_word' id='word_1_177' title='bbox 253 2172 292 2247; x_wconf 79' lang='grc' dir='ltr'>τῷ</span> <span class='ocrx_word' id='word_1_178' title='bbox 309 2168 436 2249; x_wconf 76' lang='grc' dir='ltr'>ταχίστῳ</span> <span class='ocrx_word' id='word_1_179' title='bbox 450 2165 562 2231; x_wconf 83' lang='grc' dir='ltr'>πάντων</span> <span class='ocrx_word' id='word_1_180' title='bbox 579 2170 635 2229; x_wconf 88' lang='grc' dir='ltr'>τῶν</span> <span class='ocrx_word' id='word_1_181' title='bbox 655 2166 762 2244; x_wconf 78' lang='grc' dir='ltr'>θνητῶν</span> <span class='ocrx_word' id='word_1_182' title='bbox 778 2165 813 2228; x_wconf 79' lang='grc' dir='ltr'>τὰ</span> <span class='ocrx_word' id='word_1_183' title='bbox 824 2164 902 2247; x_wconf 84' lang='grc' dir='ltr'>τάχι-</span> <span class='ocrx_word' id='word_1_184' title='bbox 946 2236 949 2243; x_wconf 43' lang='grc'>,</span> 
     </span>
     <span class='ocr_line' id='line_1_25' title="bbox 96 2256 344 2321; baseline -0.016 0"><span class='ocrx_word' id='word_1_185' title='bbox 96 2282 171 2321; x_wconf 92' lang='grc' dir='ltr'>στον</span> <span class='ocrx_word' id='word_1_186' title='bbox 190 2256 344 2319; x_wconf 82' lang='grc' dir='ltr'>δατέονται.</span> 
     </span>
    </p>
   </div>
   <div class='ocr_carea' id='block_1_2' title="bbox 0 0 1089 3500">
    <p class='ocr_par' dir='ltr' id='par_1_3' title="bbox 0 0 1089 3500">
     <span class='ocr_line' id='line_1_26' title="bbox 0 0 1089 3500; baseline 0 0"><span class='ocrx_word' id='word_1_187' title='bbox 0 0 1089 3500; x_wconf 95' lang='lat' dir='ltr'> </span> 
     </span>
    </p>
   </div>
  </div>
 </body>
</html>
