2150 3500
104 105 220 174 οι-οο]
452 109 568 163 πλατο.
813 121 824 138 r
878 112 909 160 ιι

101 187 208 265 θησαν,
232 187 318 253 πέδας
342 213 374 250 τε
400 189 510 270 ἔχοντες
533 190 586 256 ταῖς
607 190 742 269 ἐφέροντο
762 188 843 251 αἰτοῖ
865 189 914 250 καὶ

102 275 212 356 σχοίνῳ
238 275 490 355 διαμετρησάμενοι
515 278 550 340 τό
572 278 669 338 πεδίον
689 277 723 338 τό
744 276 910 358 Τεγεητέων,

104 451 155 510 καὶ
170 456 198 516 ἐς
218 454 267 529 ἐμὲ
282 450 358 528 ἦσαν
374 457 448 514 σῶαι
467 458 497 514 ἐν
516 454 606 536 Τεγέη
621 454 687 532 περὶ
704 452 756 514 τόν
775 451 843 530 νηόν
861 456 914 530 τῆς

101 536 207 615 Ἀλέης
218 537 367 616 Ἀθηναίης
380 540 560 620 κρεμάμεναι.

147 626 231 686 Κατοὶ
243 629 295 703 μέν
305 627 340 704 δὴ
352 627 404 689 τόν
416 629 554 707 πρότερον
565 628 694 708 πόλεμον
706 629 844 708 συνεχέως
857 627 911 688 αἰεὶ
919 631 956 690 67

104 717 197 778 κακῶς
209 713 327 776 ἀέθλεον
339 715 410 793 πρός
418 715 484 781 τούς
494 716 641 799 Τεγεήτας,
652 715 723 778 κατὰ
735 716 766 775 δέ
777 716 828 777 τόν
841 715 912 777 κατεῖ

104 805 236 879 Κροῖσον
250 803 354 882 χρόνον
368 804 415 864 καὶ
429 804 483 881 τήν
494 804 711 884 Ἀναξανδρῶεοί
726 829 757 865 τε
774 805 821 864 καὶ
836 803 913 881 Ἀρί-

103 914 213 955 στωνος
221 891 379 969 βασιληίην
393 897 422 954 ἐν
434 895 629 971 Λακεδαίμονι,
637 892 691 970 ἤδη
701 895 729 954 οῖ
739 893 912 970 Σπαρτιῆτα

104 978 304 1057 κατυπέρτεροι
321 983 361 1059 τῷ
376 981 491 1060 πολέμῳ
511 981 686 1063 ἐγεγόνεσαν,
703 980 798 1060 τρόπῳ
815 981 911 1060 τοιῷδε

103 1065 260 1146 γενόμενοι·
281 1067 376 1143 ἐπειδη
390 1069 444 1128 αἰεὶ
455 1072 495 1147 τῷ
507 1070 623 1148 πολέμῳ
637 1072 775 1130 ἑσσοῦντο
790 1067 846 1128 όπδ
861 1074 911 1136 Τε-

103 1155 234 1234 γοητέων,
255 1157 416 1234 πέμψαντες
438 1155 613 1234 θεοπρόπους
633 1160 661 1220 ἐς
684 1155 817 1231 Δελφοδς
840 1160 912 1217 ἐπει-

103 1241 218 1318 ροίτεον,
233 1244 297 1304 τίνα
314 1242 349 1305 ἂν
366 1244 436 1305 θεῶν
452 1242 619 1322 ἱλασάμενοι
635 1241 790 1320 κατύπερθε
804 1246 844 1322 τῷ
860 1269 911 1308 πο-

104 1331 185 1409 λέμῳ
197 1333 354 1413 Τεγεητέων
367 1333 515 1414 γενοίατο;
534 1331 555 1409 ἦ
567 1331 599 1392 δέ
614 1331 709 1407 Πυθίη
725 1337 782 1408 σφι
797 1331 910 1410 ἔχρησε,

6 1423 8 1428 ’
103 1417 143 1479 τὰ
154 1416 293 1496 Ὀρέστεω
301 1423 352 1480 τοῦ
361 1419 570 1504 Ἀγαμέμνονος
579 1417 667 1480 ὄστέα
676 1419 910 1500 ἐπαγαγομένους·

104 1503 143 1570 ὥς
160 1505 192 1565 δὲ
208 1506 331 1584 ἀνευρεῖν
347 1507 398 1569 οὐκ
416 1508 473 1568 οἶοί
486 1534 518 1570 τε
536 1508 661 1590 ἐγινέατο
677 1505 731 1583 τήν
751 1505 840 1584 θήκην
859 1510 911 1568 τοῦ

103 1591 254 1671 Ὀρέστεω,
268 1595 392 1673 ἔπεμπον
404 1594 481 1660 αὖτις
492 1595 546 1672 τήν
559 1602 587 1660 ἐς
599 1594 664 1658 θεόν
679 1596 911 1672 ἐπειρησομένους

103 1681 157 1743 τόν
177 1685 270 1763 χοῖρον
292 1689 322 1744 ἐν
343 1687 382 1764 τῷ
404 1683 495 1746 κέοιτο
515 1684 532 1745 ὁ
553 1682 699 1763 Ὀρέστης·
722 1685 857 1761 εἰρωτῶσι
878 1685 910 1745 δὲ
987 1737 999 1753 ,

103 1773 194 1833 ταῦτα
207 1776 284 1834 τοῖσι
297 1772 483 1851 θεοπρόποισι
495 1774 575 1855 λέγει
586 1773 606 1850 ἠ
620 1772 715 1849 Πυθίη
726 1771 803 1833 τόδε·

166 1892 240 1943 Ἔστι
254 1910 292 1944 τις
303 1892 433 1957 ’Δρκιιδίηε
448 1894 528 1956 Τεγέη
543 1896 623 1959 λευρῷ
638 1896 674 1945 ἐνί
689 1896 769 1958 χώρῳ,

171 1966 221 2015 ἐνθ’
236 1968 318 2025 ἄνεμοι
333 1968 440 2017 πνείουσι
456 1970 497 2017 δύο
513 1970 631 2031 κρατερῆς
646 1963 684 2016 ὑπ’
701 1968 816 2028 ἀνάγκης,

171 2039 214 2086 καί
228 2040 303 2088 πίτυι
319 2039 515 2099 ἀντίτυπος,.καῑ
530 2040 593 2099 πῆμ’
609 2040 651 2088 ἐπὶ
667 2040 763 2099 πήματι
778 2040 866 2089 κεῖται.

172 2109 221 2157 ἔνθ’
236 2108 438 2172 ’Δγαμεμνονίδην
455 2112 555 2171 κατέχει
572 2111 684 2172 φυσίζοος
701 2111 753 2158 αῖα·

171 2181 214 2230 τὸν
230 2182 261 2230 σι)
278 2183 457 2243 κομισσάμενος,
475 2183 567 2247 Τεγέης
584 2181 738 2246 ἐπιτάρροθος
755 2182 825 2242 ἔσσῃ.

104 2280 142 2347 αῖς
157 2280 188 2342 δέ
206 2283 252 2343 καὶ
267 2287 354 2345 ταῦτα
368 2282 494 2360 ἥκουσαν
510 2286 538 2345 οῖ
553 2280 775 2361 Λακεδαιμόνιοι,
791 2279 910 2361 ἀπεῖχον

104 2372 156 2446 τῆς
177 2370 330 2448 ἐξευρέσιος
349 2370 430 2433 οὐδὲν
452 2373 587 2444 ἔλασσον,
600 2370 692 2432 πάντα
712 2369 860 2448 διζήμενοι·
881 2374 909 2433 ἐς

105 2454 139 2519 οὗ
161 2457 196 2534 δη
218 2459 317 2539 Λίχης,
336 2462 392 2521 τοῖν
414 2458 594 2542 α’γαθοεργιῖν
612 2457 786 2536 καλεομένων
814 2458 908 2535 Σπορ-

104 2547 226 2622 τιητέων,
240 2546 346 2625 οἷνεῦρε.
374 2549 415 2629 (οῖ
432 2549 463 2609 δέ
479 2546 647 2630 ἀγαθοεργοὶ
664 2547 720 2607 εἶσὶ
736 2549 793 2608 τοῖν
805 2544 909 2616 όιττοῖν,

105 2633 223 2703 ἐξιόντες
243 2639 274 2696 ἐκ
293 2638 350 2696 τῶν
370 2637 475 2697 ἱππέων
493 2636 548 2696 αἰεὶ
564 2638 593 2696 οἱ
608 2633 810 2714 πρεσβότατοι,
826 2634 909 2693 πέντε

106 2722 179 2785 ἔτεος
195 2720 323 2784 ἑκάστου·
342 2723 409 2789 τούς
424 2725 467 2785 δεῖ
481 2726 583 2785 τοῦτον
598 2722 648 2785 τόν
665 2720 790 2783 ἐνιαυτόν
805 2720 856 2782 τόν
873 2718 908 2780 ἂν

105 2809 200 2879 ἐξίωσι
220 2814 251 2871 ἐκ
271 2812 327 2871 τοῖν
348 2811 461 2883 ἱππέων,
474 2809 670 2889 Σπαρτιητέων
689 2813 729 2889 τῷ
750 2811 832 2886 κοινῷ
850 2806 906 2866 δια·

104 2898 298 2976 πεμπομένους
308 2897 349 2977 μή
363 2898 479 2961 θιινόειν
490 2897 597 2962 σ”λλους
609 2896 708 2977 ὅλλη).
747 2894 859 2955 Τούτων
871 2892 908 2954 ὧν
916 2897 954 2953 68

105 2990 159 3046 τῶν
180 2984 287 3064 ἀνδρῶν
308 2986 400 3067 Λίχης
421 2986 518 3065 ἀνεῦρε
541 2990 572 3046 ἐν
594 2986 682 3066 Τεγέη
704 2982 751 3043 καὶ
771 2981 907 3059 συντυχίῃ

105 3072 283 3153 χρησόμενος
311 3074 358 3133 καὶ
385 3074 486 3154 σοφίῃ·
518 3072 619 3148 έοόαης
649 3070 704 3151 γὰρ
733 3071 833 3128 τοῦτον
856 3067 908 3127 τόν

106 3159 206 3242 χρόνον
219 3160 356 3240 ἐπιμιξίης
367 3161 438 3240 πρός
449 3158 514 3224 τοδς
525 3156 672 3240 Τεγεήτας,
686 3152 776 3216 ababa
791 3157 821 3216 ἐς
834 3156 906 3232 χαλ·

108 3245 184 3326 κήῐον
196 3248 304 3324 ἐθηεῖτο
317 3248 433 3327 σίδηρον
445 3244 669 3322 ἐξελαυνόμενον,
682 3242 728 3302 καὶ
741 3244 770 3301 ἐν
782 3239 908 3317 θυίυματι
