2150 3500
143 122 193 173 m
447 123 635 175 ‘HPOAOM
886 120 952 187 [Π.

141 198 242 277 χόρης,
257 197 309 259 ούκ
328 198 374 259 οἷό
390 224 423 261 τι
442 200 513 261 εἶναι
534 201 575 260 ἔτι
594 200 764 278 προσωτέρω
787 197 857 261 ούτε
880 199 954 277 όρᾶν

142 284 204 345 ούτε
222 285 356 356 διεξιέναι,
374 285 430 347 ύπό
450 292 560 365 πτερῶν
575 288 741 366 κεχυμένων·
763 290 877 364 περιῆν
892 285 953 367 γὰρ

144 374 190 433 καὶ
209 374 261 449 τῆν
283 374 400 453 γῆνκαὶ
420 373 471 435 τόν
490 373 562 451 ῆέρα
583 374 654 435 εἶναι
673 375 772 445 πλέον,
795 374 957 435 καὶταῦτα

144 460 213 521 εἶναι
224 460 261 520 τό
274 459 466 538 ἀποκληίοντα
478 462 531 537 τῆν
544 460 620 540 ὄψιν.

117 550 136 607 8
187 547 292 611 Σκύθαι
311 550 364 625 μὲν
386 547 437 607 ὧδε
457 548 527 627 ύπέρ
545 549 644 625 σφέων
659 574 692 610 τε
711 546 813 619 αύτῶν,
835 547 884 608 καὶ
903 552 957 625 τῆς

144 633 237 713 χύρης
248 639 299 711 τῆς
315 635 470 714 κατύπερθε
488 636 620 717 λέγουσι·
638 635 786 711 Ἑλλήνων
806 636 839 695 δὲ
860 638 888 695 οἱ
903 633 958 696 τόν

146 722 257 782 Πόντον
283 723 419 787 οἰκέοντες
446 721 508 784 ιἰδε·
548 722 695 800 Ἡρακλέα
720 720 880 782 ε’λαύνοντα
904 722 959 786 τός

93 800 97 806 ’
146 807 289 887 Γηρυόνεω
314 811 387 888 βοῦς
412 809 566 872 ἀπικέσθαι
592 815 621 875 ές
642 813 698 891 γῆν
723 809 830 885 ταύτην
852 814 959 871 εὀὓσαν

145 896 259 973 έρήμην,
277 896 313 974 ῆν
328 923 391 958 τινα
406 902 455 959 νῦν
474 898 581 964 Σκύθαι
599 898 739 975 νέμονται·
760 897 910 972 Γηρυόνεα
926 897 959 957 δὲ

146 985 244 1045 οἰκέειν
257 985 307 1055 ἔξω
320 989 370 1045 τοῦ
377 985 490 1047 Πόντου
501 986 700 1063 κατοικημένον
711 984 765 1061 τῆν
775 984 959 1061 οἱἜλληνες

146 1071 265 1153 λέγουσι
275 1071 420 1151 Ἐρύθειαν
433 1077 531 1150 νῆσον,
548 1072 602 1149 τῆν
618 1072 688 1151 πρός
701 1071 867 1148 Γηδείροισι
878 1076 960 1133 τοῖσι

147 1159 198 1229 ἔξω
217 1158 397 1237 Ἥρακληίων
417 1162 546 1238 στηλέων
561 1161 608 1221 ε’πὶ
627 1163 666 1239 τῷ
685 1159 817 1238 Ὠκεανῷ·
841 1158 908 1238 (τόν
928 1160 960 1220 δὲ

146 1244 281 1309 Ὠκεανόν
306 1246 383 1329 λόγῳ
402 1250 455 1325 μὲν
474 1249 594 1329 λέγουσι
613 1247 671 1309 ἀπὸ
690 1246 775 1323 ἡλίου
795 1245 961 1309 ἀνατολέων

148 1333 304 1413 ἀρξάμενον
320 1339 375 1416 γῆν
391 1336 457 1415 περὶ
474 1340 573 1396 πᾶσαν
592 1336 673 1413 ῥέειν,
687 1335 758 1416 ἔργῳ
775 1334 807 1395 δὲ
816 1333 874 1403 ,οὐκ
886 1333 960 1395 όπο·

148 1422 294 1505 δεικνῦσα)
314 1424 437 1484 ἐνθεῦτεν
452 1423 503 1485 τόν
519 1422 666 1501 Ἡρακλέα
683 1420 837 1483 ιίπικέσθαι
857 1427 887 1486 ές
903 1422 961 1499 τῆν

148 1513 198 1569 νῦν
221 1510 342 1586 Σκυθίην
363 1509 457 1589 χώρην
484 1510 666 1588 καλεομένην·
699 1509 877 1586 καταλαβεῖν
899 1510 960 1591 γόρ

149 1595 234 1657 αύτὸν
245 1598 369 1677 χειμῶνά
381 1623 413 1658 τε
429 1598 475 1657 καὶ
491 1597 606 1676 κρυμόν·
628 1596 846 1674 ἐπειρυσάμενον
860 1597 892 1657 δὲ
903 1597 960 1673 τῆν

148 1687 275 1760 λεοντῆν,
289 1689 478 1746 κατυπνῶσαι·
499 1685 551 1750 τὰς
565 1685 598 1745 δέ
612 1688 639 1746 οἱ
653 1686 754 1749 ἵππους
767 1683 819 1749 τὰς
831 1683 893 1745 ἅπό
905 1689 960 1745 τοῦ

148 1770 272 1848 ἅρματος
285 1773 438 1850 νεμομένας
451 1779 481 1835 έν
493 1775 582 1854 τούτῳ
594 1779 634 1854 τῷ
646 1774 746 1854 χρόνῳ,
759 1771 960 1850 ἀφανισθῆναι
1001 1807 1008 1818 ·

123 1860 212 1939 θθείη
224 1859 306 1940 τύχη·
325 1859 375 1924 Ὡς
388 1861 412 1920 δ’
425 1862 573 1943 ἐγερθῆναι
584 1863 636 1923 τόν
646 1861 800 1939 Ἡρακλέα,
814 1863 959 1938 δίζησθαι,

149 1947 241 2008 πάντα
260 1948 291 2008 δὲ
310 1947 346 2009 τὰ
363 1951 415 2024 τῆς
434 1943 527 2030 χώρης
546 1950 741 2021 ἐπεξελθόντα,
756 1951 840 2013 τέλος
861 1950 960 2011 α’πικέ·

151 2036 221 2098 σθαι
240 2040 268 2101 ε’ς·
286 2036 339 2113 τῆν
357 2035 474 2115 Ὑλαίην
495 2039 668 2115 καλεομένην
687 2043 750 2118 γῆν·
778 2039 900 2099 ἐνθαῦτα
926 2039 960 2099 δὲ

151 2122 237 2186 αύτὸν
263 2123 351 2203 εύρεῖν
377 2129 407 2184 έν
427 2124 517 2204 ἄντρῳ
536 2125 742 2203 μιξοπάρθενόν
760 2151 825 2186 τινα
844 2126 960 2206 ἔχιδναν

151 2212 261 2289 διφυέα·
294 2216 345 2289 τῆς
364 2212 400 2273 τό
418 2215 471 2291 μὲν
491 2211 549 2272 ἅνω
569 2212 626 2274 ἀπό
646 2216 701 2274 τῶν
723 2213 866 2294 γλουτέων
886 2213 960 2274 εἶναι

150 2299 288 2379 γυναικός,
300 2299 337 2361 τό
351 2301 381 2360 δὲ
395 2301 501 2377 ἔνερθεν
515 2299 607 2376 ὄφιος·
629 2300 723 2362 ἰδόντα
735 2301 766 2360 δὲ
786 2301 834 2360 καὶ
847 2301 959 2378 θωυμά-

151 2411 251 2456 σαντα,
275 2388 437 2466 ἕπείρεσθαί
457 2414 505 2465 μιν
526 2389 552 2448 εἴ
571 2415 621 2450 κου
640 2389 695 2454 ἴδοι
719 2389 826 2452 ἵππουξ
844 2394 958 2450 πλανω-

151 2473 253 2548 μένας;
273 2474 326 2549 τῆν
344 2474 374 2533 δὲ
394 2474 482 2551 φόνοι
501 2476 604 2552 ἔωυτῆν
621 2477 702 2555 έχειν,
721 2477 767 2536 καὶ
780 2474 832 2536 ούκ
847 2475 958 2537 ἀποδοί-

152 2583 214 2619 σειν
233 2560 324 2638 έκείνιρ
343 2561 409 2638 πρὶν
429 2561 448 2638 ἦ
469 2565 496 2622 οἱ
514 2565 660 2642 μιχθῆναι·
686 2563 736 2624 τόν
759 2564 790 2624 δὲ
808 2563 958 2639 Ἡρακλέα

151 2647 287 2726 μιχθῆναι
302 2647 348 2707 ἐπὶ
367 2652 407 2726 τῷ
423 2651 518 2729 μισθῷ
537 2650 636 2731 τούτῳ·
657 2651 749 2727 κείνην
767 2675 799 2711 τε
818 2651 853 2727 δῆ
873 2650 958 2729 ύπερ-

151 2735 298 2812 βαλέσθαι
313 2733 366 2812 τῆν
386 2735 524 2798 ἀπόδοσιν
541 2742 596 2798 τῶν
617 2738 708 2798 ἵππων
724 2739 907 2815 βουλομένην
920 2737 958 2802 ὦς

153 2827 290 2885 πλεῖστον
314 2822 417 2904 χρόνον
444 2827 568 2885 συνεῖναι
596 2829 636 2904 τῷ
661 2824 806 2901 Ἡρακλέϊ,
833 2825 881 2884 καὶ
906 2825 958 2885 τόν

153 2911 341 2988 κομισάμενον
371 2913 477 2972 ἐθέλειν
515 2910 769 2972 ἀπαλλάσσεσθαι·
809 2911 893 2976 τέλος
925 2912 958 2973 δέ

153 2996 341 3058 α’ποδιδοῦσαν
361 2998 447 3072 αύτῆν
463 3001 560 3060 εἰπεῖν·
581 3010 599 3034 “
609 3000 710 3061 ἵππους
729 2998 833 3076 μὲνδῆ
853 2998 957 3064 ταύτας

153 3081 321 3156 α’πικομένας
341 3083 437 3142 ε’νθόδε
457 3083 553 3142 ἔσωσό
572 3110 618 3144 τοι
638 3085 701 3164 ε’γιό·
729 3090 847 3162 σῶστρα
866 3086 898 3144 δὲ
917 3086 957 3146 σύ

151 3167 299 3242 παρέσχες,
311 3167 365 3244 ε’γώ
377 3167 433 3244 γοὶρ
444 3173 475 3226 έκ
488 3173 540 3227 σεῦ
548 3175 622 3245 τρεῖς
634 3171 736 3234 παῖδας
750 3173 813 3251 ἔχω·
831 3171 955 3242 τούτους,

152 3247 236 3304 ε’πειὶν
258 3250 391 3321 γένωνται
414 3252 536 3327 τρόφιες,
558 3254 576 3313 ὅ
597 3279 626 3314 τι
647 3257 705 3334 χρῆ
726 3258 831 3318 ποιέειν
853 3257 954 3340 ἐξηγέο
