2150 3500
172 130 221 181 ιτα
470 131 656 181 Ἦαοαοσοτ
717 136 722 142 ·
908 128 981 197 [m

171 208 264 269 πάντα
285 208 383 288 η’λικίῃ
406 208 453 269 καὶ
479 209 558 288 θυμῷ
581 208 720 286 ἐπίτρεπε,
744 206 813 268 ἄλλ’
836 209 906 289 ἴσχε
934 210 982 270 καῖ

171 294 375 373 καταλάμβανε
394 295 526 355 σεωυτόν.
568 295 676 376 ἀγαθάν
694 321 730 366 τι,
751 294 878 374 πρόνοον
900 295 981 358 εἶναι·

172 383 268 460 σοφόν
287 384 317 443 δέ
336 384 525 462 ήπρομηθίη.
559 383 598 444 σύ
618 384 648 443 δέ
664 385 780 448 κτείνεις
800 386 855 461 μὲν
876 384 981 463 ἄνδρας

172 476 296 532 σεωυτοῦ
308 472 452 547 πολιήτας,
467 472 509 531 ἐπ’
522 471 639 551 ούδεμιῇ
652 473 727 552 αἰτίῃ
740 470 883 552 ἀξιόχρεῳ
899 473 981 535 ἓλιύν·

173 561 286 623 κτείνεις
298 560 328 619 δὲ
340 560 450 624 παῖδας.
481 558 516 634 ἢν
526 559 557 619 δὲ
568 559 667 619 πολλά
678 563 796 628 τοιαῦτα
809 561 918 639 ποιέῃς,
929 560 984 637 ὅρα

173 645 242 710 ὅκως
256 646 298 723 μή
311 673 363 707 σευ
376 647 591 723 ἀποστήσονται
606 648 728 724 Πέρσαι.
763 648 828 723 ἐμοὶ
840 647 874 707 δέ
886 648 983 726 πατήρ

172 733 225 797 σός
240 738 334 810 Κῦρος
347 735 508 795 ἐνετέλλετο
520 734 621 795 πολλά
634 734 753 795 κελεύων
765 760 802 795 σε
789 737 982 806 νουθετέειν,

174 821 220 879 καὶ
232 820 446 883 ύποτίθεσθαι’
430 849 446 881 ο
458 847 487 882 τι
500 820 536 882 άν
550 822 668 899 εύρίσκω
680 820 798 929 α’γαθόν.
797 821 815 843 ”
847 822 915 883 ά
879 850 935 900 μεν
948 822 983 900 δη

174 907 284 969 εὔνοιαν
297 910 404 985 φαίνων
417 910 647 985 συνεβούλευέ
621 936 648 969 οι
659 914 756 970 ταῦτα·
776 936 793 968 ο
785 908 832 969 ’δ’
841 909 984 988 άμείβετο

172 997 279 1056 τοῖσδε·
293 1007 312 1033 “
320 997 357 1057 σύ
372 998 418 1056 καὶ
429 996 491 1074 ἐμοὶ
503 1000 614 1077 τολμᾷς
623 997 838 1074 συμβουλεύειν,
848 998 882 1061 ὃς
890 1024 983 1079 χρησ-

176 1088 230 1148 τῶς
247 1087 300 1161 μέν
316 1084 369 1159 τήν
385 1089 507 1144 σεωυτοῦ
525 1084 647 1163 πατρῶα
665 1084 884 1163 ἐπετρόπευσας,
900 1086 934 1146 εὖ
953 1088 984 1147 δὲ

173 1176 213 1252 τῷ
235 1172 321 1250 πατρὶ
343 1176 382 1252 τῷ
405 1176 461 1251 ἐμῷ
485 1172 722 1249 συνεβούλευσας,
746 1173 869 1234 κελεύων
895 1174 984 1235 αὐτόν

174 1257 295 1338 Ἀράξεα
315 1260 443 1338 ποταμόν
460 1260 601 1337 διαβάντα
621 1261 690 1321 ἱέναι
707 1262 754 1320 ἐπὶ
771 1263 983 1343 Μασσαγέτας,

174 1349 357 1461 βουλομένων
370 1348 479 1408 ἐκείνων
491 1348 649 1424 διαβαίνειν
657 1352 685 1412 ἐς
696 1347 749 1425 τήν
758 1347 918 1426 ἡμετέρην;
937 1351 984 1410 καὶ

175 1435 232 1496 α’πό
241 1439 294 1512 μέν
304 1435 426 1496 σεωυτὸν
434 1433 589 1499 ὤλεσας
552 1462 604 1513 της
613 1460 736 1496 σεωυτου
723 1436 882 1512 πατριβος
891 1443 985 1502 κακῶς
1045 1440 1048 1443 ’

174 1522 311 1600 προστάς·
338 1522 395 1583 α’πο
387 1522 451 1583 δέ
472 1522 582 1587 ὤλεσας
605 1526 708 1634 Κυρον,
727 1522 898 1600 πειθόμενόν
921 1550 983 1585 σοι

175 1609 289 1668 ἀλλ’
255 1636 288 1669 ου
301 1636 329 1671 τι
341 1611 455 1689 χαίρων·
476 1611 541 1671 ἐπεί
551 1636 597 1672 τοι
611 1636 658 1669 και
647 1610 791 1671 πάλαι’
778 1637 806 1675 ες
819 1638 854 1671 σε
842 1613 984 1690 προφά·

175 1697 238 1760 σιός
262 1724 310 1758 τευ
336 1697 453 1776 ἐδεόμην
481 1698 698 1777 ἐπιλαβέσθαιύ
727 1703 818 1761 ταῦτα
843 1700 930 1761 δέ
902 1726 985 1768 ειπας
1051 1705 1053 1716 “

176 1786 321 1863 ἐλάμβανε
333 1786 367 1847 τό
377 1786 461 1856 τόξον
471 1787 507 1852 ιύς
520 1789 731 1858 κατατοξεύσων
740 1788 835 1850 αύτόν·
851 1795 985 1867 Κροῖσος

176 1874 207 1934 δέ
224 1874 388 1952 άναδραμολν
406 1874 464 1934 ἔθεε
481 1875 542 1946 ἔξω·
563 1876 580 1937 ὅ
596 1875 634 1947 δέ,
650 1877 712 1936 ε’πεί
727 1902 759 1936 τε
774 1877 914 1947 τοξεῦσαι
932 1879 984 1940 ούκ

177 1962 243 2043 εἶχε,
259 1965 414 2023 ἐνετείλατο
427 1967 505 2023 τοῖσι
518 1962 674 2040 θεράπουσι
687 1963 833 2040 λαβόντας
844 1990 897 2042 μιν
910 1965 984 2026 α’πα-

178 2054 291 2112 κτεῖναι·
318 2055 346 2113 οἱ
365 2051 396 2111 δέ
416 2050 584 2128 θεράποντες
603 2051 785 2127 ἐπιστάμενοι
803 2051 856 2113 τόν
874 2053 984 2130 τρόπον
1049 2058 1050 2061 '

177 2139 272 2211 αύτοῦ,
297 2139 523 2218 κατακρύπτουσι
548 2163 599 2200 τον
625 2142 790 2216 Κροῖσον’
776 2140 824 2200 επὶ
849 2141 984 2219 τῷδε
946 2168 984 2202 τω
1049 2136 1050 2141 “

177 2226 305 2308 λόγῳ,
284 2254 357 2289 ωστε
378 2232 402 2288 εἰ
420 2231 473 2306 μέν
491 2226 684 2304 μεταμελήσει
706 2252 745 2306 τω
731 2227 915 2308 Καμβύσῃ
937 2255 984 2336 κιμ

179 2315 396 2392 ἐπιζητήσει
362 2341 413 2376 τον
436 2317 573 2393 Κροῖσον,
598 2317 625 2374 οἶ
648 2314 679 2373 δέ
703 2314 968 2393 ε’κφήναντεςούτο
1048 2312 1049 2325 ¹

179 2400 254 2476 δῶρα
270 2401 432 2480 λάμψονται
450 2401 573 2484 ζωάγρια
590 2401 765 2479 Κροίσου·
747 2427 783 2478 ην
795 2402 886 2462 δέ
842 2428 886 2480 μη
898 2429 982 2481 μετα-

178 2491 300 2564 μελῆται
311 2489 383 2565 μηδὲ
395 2491 472 2567 ποθῇ
484 2515 543 2566 μιν,
556 2488 620 2551 τότε
634 2491 840 2569 καταχρῆσθαι·
856 2491 985 2569 ἐπόθησέ

179 2599 210 2634 τε
223 2574 258 2649 δή
272 2574 288 2634 ό
302 2575 466 2653 Καμβύσης
478 2577 528 2638 τόν
539 2581 667 2655 Κροῖσον
677 2576 710 2636 ού
722 2580 823 2656 πολλῷ
833 2580 984 2654 μετέπειτα

179 2661 271 2743 χρόνῳ
288 2661 415 2742 ὕστερον,
435 2663 481 2723 καὶ
501 2667 529 2724 οἱ
546 2665 714 2744 θεράποντες
733 2665 870 2741 μαθόντες
888 2670 983 2742 τοῦτο,

180 2749 359 2832 ἐπήγγελλον
373 2751 445 2832 αύτῷ
459 2751 495 2816 ιύς
507 2756 625 2830 περιείη·
645 2749 809 2829 Καμβύσης
822 2751 853 2811 δὲ
865 2755 984 2833 Κροίσῳ

179 2840 232 2913 μὲν
245 2838 417 2914 συνήδεσθαι
435 2836 491 2915 ἔφη
504 2839 652 2916 περιεόντι·
673 2839 793 2902 ἐκείνους
806 2839 905 2915 μέντοι
919 2841 985 2904 τούς

180 2925 416 2999 περιποιήσαντας
426 2925 458 2984 ού
469 2925 715 3003 καταπροΐξεσθαι,
724 2923 791 2984 ἀλλ’
797 2925 984 2989 ἀποκτενέειν·

181 3009 228 3066 καὶ
241 3011 358 3084 ἐποίησε
369 3015 467 3070 ταῦτα.
891 3063 903 3092 ,

135 3092 173 3150 37
222 3093 257 3156 ’,Ο
273 3097 325 3170 μὲν
338 3095 372 3171 δή
385 3101 501 3155 τοιαῦτα
515 3096 614 3154 πολλά
630 3101 659 3159 ἐς
675 3098 792 3174 Πέρσας
805 3124 838 3159 τε
856 3101 905 3161 καὶ
920 3101 986 3166 τούς

181 3177 346 3257 ξυμμάχους
358 3181 522 3257 ἐξεμαίνετο,
533 3181 624 3256 μένων
637 3188 667 3242 ἐν
676 3185 782 3261 Μέμφι
794 3187 841 3245 καὶ
854 3187 946 3262 θήκας
956 3215 986 3250 τε

181 3265 305 3327 παλαιάς
320 3265 439 3346 οἶνοίγων
458 3267 505 3324 καὶ
522 3267 714 3343 σκεπτόμενος
729 3272 795 3334 τούς
811 3274 939 3344 νεκρούς·
959 3281 987 3339 ἐς
