<?xml version="1.0" encoding="UTF-8"?>
<!DOCTYPE html PUBLIC "-//W3C//DTD XHTML 1.0 Transitional//EN"
    "http://www.w3.org/TR/xhtml1/DTD/xhtml1-transitional.dtd">
<html xmlns="http://www.w3.org/1999/xhtml" xml:lang="en" lang="en">
 <head>
  <title>
</title>
<meta http-equiv="Content-Type" content="text/html;charset=utf-8" />
  <meta name='ocr-system' content='tesseract 3.04.00' />
  <meta name='ocr-capabilities' content='ocr_page ocr_carea ocr_par ocr_line ocrx_word'/>
</head>
<body>
  <div class='ocr_page' id='page_1' title='image "./herodotus00blakgoog_0189.png"; bbox 0 0 2150 3500; ppageno 0'>
   <div class='ocr_carea' id='block_1_1' title="bbox 142 108 1054 3342">
    <p class='ocr_par' dir='ltr' id='par_1_1' title="bbox 142 108 1054 3342">
     <span class='ocr_line' id='line_1_1' title="bbox 198 108 1008 176; baseline 0.001 -17"><span class='ocrx_word' id='word_1_1' title='bbox 198 109 247 162; x_wconf 76' lang='grc' dir='ltr'>ιιι</span> <span class='ocrx_word' id='word_1_2' title='bbox 499 112 685 162; x_wconf 74' lang='grc' dir='ltr'>Ἧνοιοπου</span> <span class='ocrx_word' id='word_1_3' title='bbox 956 108 1008 176; x_wconf 91' lang='lat'>[11.</span> 
     </span>
     <span class='ocr_line' id='line_1_2' title="bbox 146 187 1009 270; baseline 0.004 -21.181"><span class='ocrx_word' id='word_1_4' title='bbox 146 187 270 265; x_wconf 83' lang='grc' dir='ltr'>’βοῦν</span> <span class='ocrx_word' id='word_1_5' title='bbox 288 187 403 266; x_wconf 73' lang='grc' dir='ltr'>ξυλίνην</span> <span class='ocrx_word' id='word_1_6' title='bbox 422 191 529 267; x_wconf 87' lang='grc' dir='ltr'>κοίλην·</span> <span class='ocrx_word' id='word_1_7' title='bbox 557 192 604 250; x_wconf 85' lang='grc' dir='ltr'>καὶ</span> <span class='ocrx_word' id='word_1_8' title='bbox 624 192 719 252; x_wconf 82' lang='grc' dir='ltr'>ἔπειτα</span> <span class='ocrx_word' id='word_1_9' title='bbox 739 190 1009 270; x_wconf 78' lang='grc' dir='ltr'>καταχρυσώσαντά</span> 
     </span>
     <span class='ocr_line' id='line_1_3' title="bbox 196 277 1007 358; baseline 0.004 -21"><span class='ocrx_word' id='word_1_10' title='bbox 196 302 245 352; x_wconf 93' lang='grc' dir='ltr'>μιν</span> <span class='ocrx_word' id='word_1_11' title='bbox 256 277 367 353; x_wconf 86' lang='grc' dir='ltr'>ταύτην,</span> <span class='ocrx_word' id='word_1_12' title='bbox 382 279 438 337; x_wconf 83' lang='grc' dir='ltr'>ἔσω</span> <span class='ocrx_word' id='word_1_13' title='bbox 456 284 485 339; x_wconf 90' lang='grc' dir='ltr'>ἐν</span> <span class='ocrx_word' id='word_1_14' title='bbox 498 277 568 358; x_wconf 80' lang='grc' dir='ltr'>αῦτη</span> <span class='ocrx_word' id='word_1_15' title='bbox 555 279 675 357; x_wconf 86' lang='grc' dir='ltr'>θάψαι</span> <span class='ocrx_word' id='word_1_16' title='bbox 690 279 793 354; x_wconf 88' lang='grc' dir='ltr'>ταύτην</span> <span class='ocrx_word' id='word_1_17' title='bbox 810 278 902 354; x_wconf 80' lang='grc' dir='ltr'>δή</span> <span class='ocrx_word' id='word_1_18' title='bbox 862 305 921 355; x_wconf 87' lang='grc' dir='ltr'>την</span> <span class='ocrx_word' id='word_1_19' title='bbox 939 278 1007 340; x_wconf 89' lang='grc' dir='ltr'>άπα-</span> 
     </span>
     <span class='ocr_line' id='line_1_4' title="bbox 151 365 1007 448; baseline 0.006 -26"><span class='ocrx_word' id='word_1_20' title='bbox 151 365 208 422; x_wconf 87' lang='grc'>130</span> <span class='ocrx_word' id='word_1_21' title='bbox 218 365 360 425; x_wconf 81' lang='grc' dir='ltr'>θανοῦσαν</span> <span class='ocrx_word' id='word_1_22' title='bbox 386 366 557 448; x_wconf 85' lang='grc' dir='ltr'>θυγατέρα.</span> <span class='ocrx_word' id='word_1_23' title='bbox 575 365 700 443; x_wconf 77' lang='grc' dir='ltr'>Αῦτη’</span> <span class='ocrx_word' id='word_1_24' title='bbox 679 393 716 426; x_wconf 90' lang='grc' dir='ltr'>ων</span> <span class='ocrx_word' id='word_1_25' title='bbox 741 366 760 442; x_wconf 82' lang='grc' dir='ltr'><em>ἡ</em></span> <span class='ocrx_word' id='word_1_26' title='bbox 785 367 860 442; x_wconf 88' lang='grc' dir='ltr'>βοῦς</span> <span class='ocrx_word' id='word_1_27' title='bbox 888 371 931 447; x_wconf 79' lang='grc' dir='ltr'>γῇ</span> <span class='ocrx_word' id='word_1_28' title='bbox 958 367 1007 427; x_wconf 84' lang='grc' dir='ltr'>οῦκ</span> 
     </span>
     <span class='ocr_line' id='line_1_5' title="bbox 197 452 1007 533; baseline 0.006 -22"><span class='ocrx_word' id='word_1_29' title='bbox 197 452 330 530; x_wconf 93' lang='grc' dir='ltr'>ἐκρύφθη,</span> <span class='ocrx_word' id='word_1_30' title='bbox 344 452 410 512; x_wconf 73' lang='grc' dir='ltr'>ἀλλ’</span> <span class='ocrx_word' id='word_1_31' title='bbox 425 455 466 513; x_wconf 79' lang='grc' dir='ltr'>ἔτι</span> <span class='ocrx_word' id='word_1_32' title='bbox 484 454 530 513; x_wconf 86' lang='grc' dir='ltr'>καὶ</span> <span class='ocrx_word' id='word_1_33' title='bbox 547 458 575 517; x_wconf 90' lang='grc' dir='ltr'>ἐς</span> <span class='ocrx_word' id='word_1_34' title='bbox 591 457 640 530; x_wconf 77' lang='grc' dir='ltr'>ἐμὲ</span> <span class='ocrx_word' id='word_1_35' title='bbox 652 453 688 530; x_wconf 81' lang='grc' dir='ltr'>ἦν</span> <span class='ocrx_word' id='word_1_36' title='bbox 706 455 853 531; x_wconf 81' lang='grc' dir='ltr'>φανερή,’</span> <span class='ocrx_word' id='word_1_37' title='bbox 839 480 870 514; x_wconf 91' lang='grc' dir='ltr'>εν</span> <span class='ocrx_word' id='word_1_38' title='bbox 886 455 991 520; x_wconf 83' lang='grc' dir='ltr'>Σάῐ</span> <span class='ocrx_word' id='word_1_39' title='bbox 956 482 1007 533; x_wconf 89' lang='grc' dir='ltr'>μεν</span> 
     </span>
     <span class='ocr_line' id='line_1_6' title="bbox 196 540 1006 622; baseline 0.004 -23"><span class='ocrx_word' id='word_1_40' title='bbox 196 540 304 600; x_wconf 85' lang='grc' dir='ltr'>πάλι</span> <span class='ocrx_word' id='word_1_41' title='bbox 292 544 379 622; x_wconf 85' lang='grc' dir='ltr'>εοῦσα</span> <span class='ocrx_word' id='word_1_42' title='bbox 405 542 516 618; x_wconf 79' lang='grc' dir='ltr'>κειμένη</span> <span class='ocrx_word' id='word_1_43' title='bbox 539 541 626 602; x_wconf 82' lang='grc' dir='ltr'>δὲέν</span> <span class='ocrx_word' id='word_1_44' title='bbox 651 545 728 603; x_wconf 86' lang='grc' dir='ltr'>τοῖσι</span> <span class='ocrx_word' id='word_1_45' title='bbox 752 542 1006 619; x_wconf 82' lang='grc' dir='ltr'>βασιληΐοισι,ε’ν</span> 
     </span>
     <span class='ocr_line' id='line_1_7' title="bbox 197 629 1005 710; baseline 0.002 -22"><span class='ocrx_word' id='word_1_46' title='bbox 197 629 328 705; x_wconf 79' lang='grc' dir='ltr'>οἰκήματι</span> <span class='ocrx_word' id='word_1_47' title='bbox 344 629 503 710; x_wconf 77' lang='grc' dir='ltr'>ἠσκημένῳ·</span> <span class='ocrx_word' id='word_1_48' title='bbox 524 629 687 707; x_wconf 88' lang='grc' dir='ltr'>θυμιήματα</span> <span class='ocrx_word' id='word_1_49' title='bbox 708 630 738 690; x_wconf 83' lang='grc' dir='ltr'>δὲ</span> <span class='ocrx_word' id='word_1_50' title='bbox 752 630 818 708; x_wconf 85' lang='grc' dir='ltr'>παρ’</span> <span class='ocrx_word' id='word_1_51' title='bbox 840 629 918 709; x_wconf 75' lang='grc' dir='ltr'>αὐτῇ</span> <span class='ocrx_word' id='word_1_52' title='bbox 937 657 1005 690; x_wconf 86' lang='grc' dir='ltr'>παν-</span> 
     </span>
     <span class='ocr_line' id='line_1_8' title="bbox 197 716 1005 799; baseline 0.002 -23"><span class='ocrx_word' id='word_1_53' title='bbox 197 719 261 776; x_wconf 83' lang='grc' dir='ltr'>τοῖα</span> <span class='ocrx_word' id='word_1_54' title='bbox 286 717 467 799; x_wconf 78' lang='grc' dir='ltr'>καταγίζωνσι</span> <span class='ocrx_word' id='word_1_55' title='bbox 493 716 547 778; x_wconf 68' lang='lat' dir='ltr'>dmi</span> <span class='ocrx_word' id='word_1_56' title='bbox 578 721 676 779; x_wconf 76' lang='grc' dir='ltr'>πᾶσαν</span> <span class='ocrx_word' id='word_1_57' title='bbox 700 718 817 795; x_wconf 85' lang='grc' dir='ltr'>ήμέρην·</span> <span class='ocrx_word' id='word_1_58' title='bbox 858 718 951 778; x_wconf 88' lang='grc' dir='ltr'>νύκτα</span> <span class='ocrx_word' id='word_1_59' title='bbox 977 719 1005 778; x_wconf 82' lang='grc' dir='ltr'>δὲ</span> 
     </span>
     <span class='ocr_line' id='line_1_9' title="bbox 198 803 1004 886; baseline 0.005 -24"><span class='ocrx_word' id='word_1_60' title='bbox 198 803 318 880; x_wconf 76' lang='grc' dir='ltr'>ἑκάστην</span> <span class='ocrx_word' id='word_1_61' title='bbox 338 804 479 884; x_wconf 78' lang='grc' dir='ltr'>πάννυχος</span> <span class='ocrx_word' id='word_1_62' title='bbox 500 805 605 884; x_wconf 79' lang='grc' dir='ltr'>λύχνος</span> <span class='ocrx_word' id='word_1_63' title='bbox 628 807 821 882; x_wconf 86' lang='grc' dir='ltr'>παρακαίεται.</span> <span class='ocrx_word' id='word_1_64' title='bbox 854 803 953 886; x_wconf 84' lang='grc' dir='ltr'>άγχοῦ</span> <span class='ocrx_word' id='word_1_65' title='bbox 976 807 1004 866; x_wconf 82' lang='grc' dir='ltr'>δὲ</span> 
     </span>
     <span class='ocr_line' id='line_1_10' title="bbox 197 890 1003 972; baseline 0 -18"><span class='ocrx_word' id='word_1_66' title='bbox 197 895 248 968; x_wconf 78' lang='grc' dir='ltr'>τῆς</span> <span class='ocrx_word' id='word_1_67' title='bbox 259 890 331 969; x_wconf 81' lang='grc' dir='ltr'>βοῦς</span> <span class='ocrx_word' id='word_1_68' title='bbox 342 891 444 968; x_wconf 81' lang='grc' dir='ltr'>ταύτης</span> <span class='ocrx_word' id='word_1_69' title='bbox 456 897 486 953; x_wconf 86' lang='grc' dir='ltr'>ἐν</span> <span class='ocrx_word' id='word_1_70' title='bbox 499 891 580 972; x_wconf 81' lang='grc' dir='ltr'>άλλῳ</span> <span class='ocrx_word' id='word_1_71' title='bbox 596 893 725 970; x_wconf 83' lang='grc' dir='ltr'>οἰκήματι</span> <span class='ocrx_word' id='word_1_72' title='bbox 741 893 844 967; x_wconf 76' lang='grc' dir='ltr'>εἰκόνες</span> <span class='ocrx_word' id='word_1_73' title='bbox 856 897 916 954; x_wconf 83' lang='grc' dir='ltr'>τῶν</span> <span class='ocrx_word' id='word_1_74' title='bbox 931 899 1003 954; x_wconf 86' lang='grc' dir='ltr'>παλ·</span> 
     </span>
     <span class='ocr_line' id='line_1_11' title="bbox 197 980 1003 1062; baseline 0.01 -24"><span class='ocrx_word' id='word_1_75' title='bbox 197 980 305 1041; x_wconf 88' lang='grc' dir='ltr'>λακέων</span> <span class='ocrx_word' id='word_1_76' title='bbox 316 984 371 1040; x_wconf 84' lang='grc' dir='ltr'>τιῦν</span> <span class='ocrx_word' id='word_1_77' title='bbox 383 981 541 1058; x_wconf 84' lang='grc' dir='ltr'>Μυκερίνου</span> <span class='ocrx_word' id='word_1_78' title='bbox 558 985 669 1052; x_wconf 78' lang='grc' dir='ltr'>ἑστᾶσι,</span> <span class='ocrx_word' id='word_1_79' title='bbox 687 981 723 1044; x_wconf 65' lang='grc' dir='ltr'>οἷς</span> <span class='ocrx_word' id='word_1_80' title='bbox 736 982 834 1062; x_wconf 79' lang='grc' dir='ltr'>ἔλεγον</span> <span class='ocrx_word' id='word_1_81' title='bbox 853 984 881 1042; x_wconf 82' lang='grc' dir='ltr'>οἱ</span> <span class='ocrx_word' id='word_1_82' title='bbox 902 986 934 1042; x_wconf 91' lang='grc' dir='ltr'>ἐν</span> <span class='ocrx_word' id='word_1_83' title='bbox 951 983 1003 1046; x_wconf 73' lang='grc' dir='ltr'>Σάῐ</span> 
     </span>
     <span class='ocr_line' id='line_1_12' title="bbox 196 1068 1002 1150; baseline 0.005 -24"><span class='ocrx_word' id='word_1_84' title='bbox 196 1068 289 1128; x_wconf 89' lang='grc' dir='ltr'>πόλι</span> <span class='ocrx_word' id='word_1_85' title='bbox 279 1069 358 1146; x_wconf 86' lang='grc' dir='ltr'>ιρέες·</span> <span class='ocrx_word' id='word_1_86' title='bbox 375 1071 477 1129; x_wconf 81' lang='grc' dir='ltr'>ἓστᾶσι</span> <span class='ocrx_word' id='word_1_87' title='bbox 488 1071 541 1146; x_wconf 73' lang='grc' dir='ltr'>μὲν</span> <span class='ocrx_word' id='word_1_88' title='bbox 553 1069 608 1150; x_wconf 76' lang='grc' dir='ltr'>γάρ</span> <span class='ocrx_word' id='word_1_89' title='bbox 621 1068 728 1140; x_wconf 81' lang='grc' dir='ltr'>ξύλινοι</span> <span class='ocrx_word' id='word_1_90' title='bbox 741 1069 892 1143; x_wconf 78' lang='grc' dir='ltr'>κολοσσοὶ,</span> <span class='ocrx_word' id='word_1_91' title='bbox 905 1074 1002 1131; x_wconf 81' lang='grc' dir='ltr'>ἐοῦσαι</span> 
     </span>
     <span class='ocr_line' id='line_1_13' title="bbox 197 1154 1000 1268; baseline 0.002 -52"><span class='ocrx_word' id='word_1_92' title='bbox 197 1154 351 1268; x_wconf 75' lang='grc' dir='ltr'>άριθμῦν</span> <span class='ocrx_word' id='word_1_93' title='bbox 330 1182 365 1219; x_wconf 92' lang='grc' dir='ltr'>ως</span> <span class='ocrx_word' id='word_1_94' title='bbox 381 1158 484 1217; x_wconf 79' lang='grc' dir='ltr'>ἐείκοσι</span> <span class='ocrx_word' id='word_1_95' title='bbox 499 1156 630 1234; x_wconf 84' lang='grc' dir='ltr'>μάλιστά</span> <span class='ocrx_word' id='word_1_96' title='bbox 646 1183 688 1234; x_wconf 89' lang='grc' dir='ltr'>κη,</span> <span class='ocrx_word' id='word_1_97' title='bbox 701 1157 804 1238; x_wconf 84' lang='grc' dir='ltr'>γυμναὶ</span> <span class='ocrx_word' id='word_1_98' title='bbox 817 1159 1000 1238; x_wconf 86' lang='grc' dir='ltr'>ἐργασμέναι·</span> 
     </span>
     <span class='ocr_line' id='line_1_14' title="bbox 197 1243 1000 1328; baseline 0.002 -25"><span class='ocrx_word' id='word_1_99' title='bbox 197 1244 231 1304; x_wconf 83' lang='grc' dir='ltr'>αἶ</span> <span class='ocrx_word' id='word_1_100' title='bbox 239 1270 311 1309; x_wconf 85' lang='grc' dir='ltr'>τινες</span> <span class='ocrx_word' id='word_1_101' title='bbox 321 1246 417 1323; x_wconf 87' lang='grc' dir='ltr'>μέντοι</span> <span class='ocrx_word' id='word_1_102' title='bbox 430 1246 486 1306; x_wconf 82' lang='grc' dir='ltr'>εἶσὶ</span> <span class='ocrx_word' id='word_1_103' title='bbox 502 1244 552 1305; x_wconf 83' lang='grc' dir='ltr'>οῦκ</span> <span class='ocrx_word' id='word_1_104' title='bbox 566 1245 620 1324; x_wconf 84' lang='grc' dir='ltr'>ἔχω</span> <span class='ocrx_word' id='word_1_105' title='bbox 634 1248 728 1316; x_wconf 83' lang='grc' dir='ltr'>εἰπεῖν,</span> <span class='ocrx_word' id='word_1_106' title='bbox 742 1243 819 1321; x_wconf 80' lang='grc' dir='ltr'>πλήν</span> <span class='ocrx_word' id='word_1_107' title='bbox 836 1244 908 1322; x_wconf 81' lang='grc' dir='ltr'>ἣτά</span> <span class='ocrx_word' id='word_1_108' title='bbox 920 1247 1000 1328; x_wconf 83' lang='grc' dir='ltr'>λεγό-</span> 
     </span>
     <span class='ocr_line' id='line_1_15' title="bbox 152 1332 1000 1413; baseline 0.002 -23"><span class='ocrx_word' id='word_1_109' title='bbox 152 1334 297 1409; x_wconf 87' lang='grc' dir='ltr'>131μενα.</span> <span class='ocrx_word' id='word_1_110' title='bbox 338 1337 375 1393; x_wconf 86' lang='grc' dir='ltr'>Οἶ</span> <span class='ocrx_word' id='word_1_111' title='bbox 388 1333 420 1392; x_wconf 89' lang='grc' dir='ltr'>δέ</span> <span class='ocrx_word' id='word_1_112' title='bbox 433 1359 504 1397; x_wconf 92' lang='grc' dir='ltr'>τινες</span> <span class='ocrx_word' id='word_1_113' title='bbox 521 1333 641 1413; x_wconf 91' lang='grc' dir='ltr'>λέγουσι</span> <span class='ocrx_word' id='word_1_114' title='bbox 659 1333 724 1410; x_wconf 84' lang='grc' dir='ltr'>περὶ</span> <span class='ocrx_word' id='word_1_115' title='bbox 740 1336 791 1410; x_wconf 82' lang='grc' dir='ltr'>τῆς</span> <span class='ocrx_word' id='word_1_116' title='bbox 807 1332 881 1410; x_wconf 82' lang='grc' dir='ltr'>βοῦς</span> <span class='ocrx_word' id='word_1_117' title='bbox 899 1333 1000 1410; x_wconf 80' lang='grc' dir='ltr'>ταύτης</span> 
     </span>
     <span class='ocr_line' id='line_1_16' title="bbox 198 1420 999 1503; baseline 0.006 -23"><span class='ocrx_word' id='word_1_118' title='bbox 198 1421 245 1480; x_wconf 79' lang='grc' dir='ltr'>καὶ</span> <span class='ocrx_word' id='word_1_119' title='bbox 261 1425 316 1483; x_wconf 87' lang='grc' dir='ltr'>τιῦν</span> <span class='ocrx_word' id='word_1_120' title='bbox 333 1425 483 1481; x_wconf 79' lang='grc' dir='ltr'>κολοσσῶν</span> <span class='ocrx_word' id='word_1_121' title='bbox 503 1420 584 1481; x_wconf 86' lang='grc' dir='ltr'>τόνδε</span> <span class='ocrx_word' id='word_1_122' title='bbox 598 1420 648 1482; x_wconf 83' lang='grc' dir='ltr'>τάν</span> <span class='ocrx_word' id='word_1_123' title='bbox 668 1421 764 1503; x_wconf 85' lang='grc' dir='ltr'>λόγον·</span> <span class='ocrx_word' id='word_1_124' title='bbox 789 1421 825 1486; x_wconf 75' lang='grc' dir='ltr'>οἷς</span> <span class='ocrx_word' id='word_1_125' title='bbox 843 1427 999 1500; x_wconf 83' lang='grc' dir='ltr'>Μυκερῖνος</span> 
     </span>
     <span class='ocr_line' id='line_1_17' title="bbox 197 1508 998 1591; baseline 0.002 -23"><span class='ocrx_word' id='word_1_126' title='bbox 197 1508 304 1585; x_wconf 86' lang='grc' dir='ltr'>ἐράσθη</span> <span class='ocrx_word' id='word_1_127' title='bbox 326 1513 377 1585; x_wconf 83' lang='grc' dir='ltr'>τῆς</span> <span class='ocrx_word' id='word_1_128' title='bbox 397 1513 497 1569; x_wconf 84' lang='grc' dir='ltr'>έωυτοῦ</span> <span class='ocrx_word' id='word_1_129' title='bbox 517 1508 662 1590; x_wconf 76' lang='grc' dir='ltr'>θυγατρός,</span> <span class='ocrx_word' id='word_1_130' title='bbox 683 1509 730 1568; x_wconf 85' lang='grc' dir='ltr'>καὶ</span> <span class='ocrx_word' id='word_1_131' title='bbox 749 1509 844 1568; x_wconf 77' lang='grc' dir='ltr'>ἔπειτα</span> <span class='ocrx_word' id='word_1_132' title='bbox 866 1510 953 1591; x_wconf 81' lang='grc' dir='ltr'>ἐμίγη</span> <span class='ocrx_word' id='word_1_133' title='bbox 973 1514 998 1570; x_wconf 83' lang='grc' dir='ltr'>οἶ</span> 
     </span>
     <span class='ocr_line' id='line_1_18' title="bbox 196 1596 1054 1679; baseline 0.005 -24"><span class='ocrx_word' id='word_1_134' title='bbox 196 1596 326 1675; x_wconf 79' lang='grc' dir='ltr'>ἀεκούσῃ·</span> <span class='ocrx_word' id='word_1_135' title='bbox 346 1596 417 1671; x_wconf 86' lang='grc' dir='ltr'>μετοὶ</span> <span class='ocrx_word' id='word_1_136' title='bbox 431 1596 468 1665; x_wconf 81' lang='grc' dir='ltr'>δὲ,</span> <span class='ocrx_word' id='word_1_137' title='bbox 483 1598 602 1679; x_wconf 87' lang='grc' dir='ltr'>λέγουσι</span> <span class='ocrx_word' id='word_1_138' title='bbox 615 1597 651 1661; x_wconf 69' lang='grc' dir='ltr'>οἷς</span> <span class='ocrx_word' id='word_1_139' title='bbox 663 1596 683 1674; x_wconf 87' lang='grc' dir='ltr'>ή</span> <span class='ocrx_word' id='word_1_140' title='bbox 695 1599 761 1661; x_wconf 85' lang='grc' dir='ltr'>παῖς</span> <span class='ocrx_word' id='word_1_141' title='bbox 779 1596 930 1677; x_wconf 77' lang='grc' dir='ltr'>ἀπήγξατο</span> <span class='ocrx_word' id='word_1_142' title='bbox 943 1597 997 1658; x_wconf 82' lang='grc' dir='ltr'>ῦπό</span> <span class='ocrx_word' id='word_1_143' title='bbox 1053 1605 1054 1614; x_wconf 74' lang='grc'>’</span> 
     </span>
     <span class='ocr_line' id='line_1_19' title="bbox 197 1679 997 1766; baseline 0.003 -23"><span class='ocrx_word' id='word_1_144' title='bbox 197 1682 288 1763; x_wconf 84' lang='grc' dir='ltr'>άχεος,</span> <span class='ocrx_word' id='word_1_145' title='bbox 302 1682 319 1744; x_wconf 81' lang='grc' dir='ltr'><em>ὅ</em></span> <span class='ocrx_word' id='word_1_146' title='bbox 331 1683 363 1742; x_wconf 87' lang='grc' dir='ltr'>δέ</span> <span class='ocrx_word' id='word_1_147' title='bbox 374 1709 424 1761; x_wconf 92' lang='grc' dir='ltr'>μιν</span> <span class='ocrx_word' id='word_1_148' title='bbox 437 1684 522 1763; x_wconf 81' lang='grc' dir='ltr'>ἔθαψε</span> <span class='ocrx_word' id='word_1_149' title='bbox 544 1689 573 1745; x_wconf 88' lang='grc' dir='ltr'>ἐν</span> <span class='ocrx_word' id='word_1_150' title='bbox 590 1689 627 1766; x_wconf 81' lang='grc' dir='ltr'>τῇ</span> <span class='ocrx_word' id='word_1_151' title='bbox 644 1685 695 1763; x_wconf 82' lang='grc' dir='ltr'>βοί·</span> <span class='ocrx_word' id='word_1_152' title='bbox 710 1683 808 1765; x_wconf 82' lang='grc' dir='ltr'>ταύτῃ·</span> <span class='ocrx_word' id='word_1_153' title='bbox 828 1685 848 1762; x_wconf 81' lang='grc' dir='ltr'><em>ἦ</em></span> <span class='ocrx_word' id='word_1_154' title='bbox 862 1685 892 1745; x_wconf 81' lang='grc' dir='ltr'>δὲ</span> <span class='ocrx_word' id='word_1_155' title='bbox 905 1679 997 1765; x_wconf 89' lang='grc' dir='ltr'>μήτηρ</span> 
     </span>
     <span class='ocr_line' id='line_1_20' title="bbox 196 1770 997 1855; baseline 0.005 -25"><span class='ocrx_word' id='word_1_156' title='bbox 196 1772 281 1848; x_wconf 80' lang='grc' dir='ltr'>αῦτῆς</span> <span class='ocrx_word' id='word_1_157' title='bbox 292 1775 347 1832; x_wconf 78' lang='grc' dir='ltr'>τῶν</span> <span class='ocrx_word' id='word_1_158' title='bbox 356 1770 527 1849; x_wconf 76' lang='grc' dir='ltr'>ἀμφιπόλων</span> <span class='ocrx_word' id='word_1_159' title='bbox 537 1777 592 1834; x_wconf 86' lang='grc' dir='ltr'>τῦν</span> <span class='ocrx_word' id='word_1_160' title='bbox 602 1774 783 1852; x_wconf 78' lang='grc' dir='ltr'>προδουσέων</span> <span class='ocrx_word' id='word_1_161' title='bbox 795 1773 848 1849; x_wconf 85' lang='grc' dir='ltr'>τήν</span> <span class='ocrx_word' id='word_1_162' title='bbox 858 1775 997 1855; x_wconf 83' lang='grc' dir='ltr'>θυγατέρα</span> 
     </span>
     <span class='ocr_line' id='line_1_21' title="bbox 196 1858 997 1941; baseline 0.012 -24"><span class='ocrx_word' id='word_1_163' title='bbox 196 1860 235 1934; x_wconf 81' lang='grc' dir='ltr'>τῷ</span> <span class='ocrx_word' id='word_1_164' title='bbox 249 1860 336 1937; x_wconf 86' lang='grc' dir='ltr'>πατρὶ</span> <span class='ocrx_word' id='word_1_165' title='bbox 353 1858 479 1938; x_wconf 75' lang='grc' dir='ltr'>ἀπέταμε</span> <span class='ocrx_word' id='word_1_166' title='bbox 498 1861 549 1925; x_wconf 82' lang='grc' dir='ltr'>τοὶς</span> <span class='ocrx_word' id='word_1_167' title='bbox 566 1866 671 1941; x_wconf 80' lang='grc' dir='ltr'>χεῖρας·</span> <span class='ocrx_word' id='word_1_168' title='bbox 692 1862 738 1921; x_wconf 82' lang='grc' dir='ltr'>καὶ</span> <span class='ocrx_word' id='word_1_169' title='bbox 758 1866 807 1922; x_wconf 88' lang='grc' dir='ltr'>νῦν</span> <span class='ocrx_word' id='word_1_170' title='bbox 821 1861 872 1925; x_wconf 80' lang='grc' dir='ltr'>τάς</span> <span class='ocrx_word' id='word_1_171' title='bbox 893 1862 997 1928; x_wconf 81' lang='grc' dir='ltr'>εἰκόνας</span> 
     </span>
     <span class='ocr_line' id='line_1_22' title="bbox 196 1946 995 2026; baseline 0.006 -20"><span class='ocrx_word' id='word_1_172' title='bbox 196 1946 300 2009; x_wconf 85' lang='grc' dir='ltr'>αῦτέων</span> <span class='ocrx_word' id='word_1_173' title='bbox 326 1948 394 2008; x_wconf 81' lang='grc' dir='ltr'>εἶναι</span> <span class='ocrx_word' id='word_1_174' title='bbox 422 1950 591 2013; x_wconf 86' lang='grc' dir='ltr'>πεπονθυῖας</span> <span class='ocrx_word' id='word_1_175' title='bbox 619 1949 707 2026; x_wconf 86' lang='grc' dir='ltr'>τάπερ</span> <span class='ocrx_word' id='word_1_176' title='bbox 734 1952 764 2009; x_wconf 85' lang='grc' dir='ltr'>αἶ</span> <span class='ocrx_word' id='word_1_177' title='bbox 790 1949 857 2021; x_wconf 84' lang='grc' dir='ltr'>ζωαὶ</span> <span class='ocrx_word' id='word_1_178' title='bbox 884 1951 995 2011; x_wconf 81' lang='grc' dir='ltr'>ἔπαθον.</span> 
     </span>
     <span class='ocr_line' id='line_1_23' title="bbox 196 2037 996 2119; baseline 0.003 -21"><span class='ocrx_word' id='word_1_179' title='bbox 196 2040 284 2098; x_wconf 88' lang='grc' dir='ltr'>ταῦτα</span> <span class='ocrx_word' id='word_1_180' title='bbox 302 2037 331 2098; x_wconf 83' lang='grc' dir='ltr'>δέ</span> <span class='ocrx_word' id='word_1_181' title='bbox 344 2039 462 2118; x_wconf 90' lang='grc' dir='ltr'>λέγουσι</span> <span class='ocrx_word' id='word_1_182' title='bbox 475 2038 669 2114; x_wconf 81' lang='grc' dir='ltr'>φλυηρέοντες,</span> <span class='ocrx_word' id='word_1_183' title='bbox 687 2037 722 2101; x_wconf 81' lang='grc' dir='ltr'>ιίς</span> <span class='ocrx_word' id='word_1_184' title='bbox 737 2037 791 2119; x_wconf 79' lang='grc' dir='ltr'>ἐγῦ</span> <span class='ocrx_word' id='word_1_185' title='bbox 807 2038 902 2113; x_wconf 83' lang='grc' dir='ltr'>δοκέω,</span> <span class='ocrx_word' id='word_1_186' title='bbox 917 2038 953 2099; x_wconf 89' lang='grc' dir='ltr'>τά</span> <span class='ocrx_word' id='word_1_187' title='bbox 965 2064 996 2100; x_wconf 93' lang='grc' dir='ltr'>τε</span> 
     </span>
     <span class='ocr_line' id='line_1_24' title="bbox 197 2124 995 2205; baseline 0.003 -20"><span class='ocrx_word' id='word_1_188' title='bbox 197 2124 275 2185; x_wconf 81' lang='grc' dir='ltr'>ἅλλα</span> <span class='ocrx_word' id='word_1_189' title='bbox 288 2128 334 2186; x_wconf 83' lang='grc' dir='ltr'>καὶ</span> <span class='ocrx_word' id='word_1_190' title='bbox 347 2127 381 2203; x_wconf 85' lang='grc' dir='ltr'>δή</span> <span class='ocrx_word' id='word_1_191' title='bbox 396 2128 442 2186; x_wconf 84' lang='grc' dir='ltr'>καὶ</span> <span class='ocrx_word' id='word_1_192' title='bbox 460 2126 497 2186; x_wconf 81' lang='grc' dir='ltr'>τά</span> <span class='ocrx_word' id='word_1_193' title='bbox 514 2126 578 2203; x_wconf 85' lang='grc' dir='ltr'>περὶ</span> <span class='ocrx_word' id='word_1_194' title='bbox 594 2125 647 2199; x_wconf 79' lang='grc' dir='ltr'>Ιτάς</span> <span class='ocrx_word' id='word_1_195' title='bbox 660 2130 756 2205; x_wconf 78' lang='grc' dir='ltr'>χεῖρας</span> <span class='ocrx_word' id='word_1_196' title='bbox 768 2129 823 2186; x_wconf 85' lang='grc' dir='ltr'>τιῦν</span> <span class='ocrx_word' id='word_1_197' title='bbox 836 2130 995 2187; x_wconf 79' lang='grc' dir='ltr'>κολοσσῶν·</span> 
     </span>
     <span class='ocr_line' id='line_1_25' title="bbox 197 2212 1052 2297; baseline 0.002 -24"><span class='ocrx_word' id='word_1_198' title='bbox 197 2219 285 2275; x_wconf 92' lang='grc' dir='ltr'>ταῦτα</span> <span class='ocrx_word' id='word_1_199' title='bbox 306 2215 362 2297; x_wconf 80' lang='grc' dir='ltr'>γάρ</span> <span class='ocrx_word' id='word_1_200' title='bbox 382 2214 419 2275; x_wconf 84' lang='grc' dir='ltr'>ὦν</span> <span class='ocrx_word' id='word_1_201' title='bbox 438 2215 485 2273; x_wconf 84' lang='grc' dir='ltr'>καὶ</span> <span class='ocrx_word' id='word_1_202' title='bbox 503 2214 584 2291; x_wconf 78' lang='grc' dir='ltr'>ἡμεῖς</span> <span class='ocrx_word' id='word_1_203' title='bbox 605 2212 734 2291; x_wconf 81' lang='grc' dir='ltr'>ὥρέομεν,</span> <span class='ocrx_word' id='word_1_204' title='bbox 755 2212 799 2273; x_wconf 84' lang='grc' dir='ltr'>ὅτι</span> <span class='ocrx_word' id='word_1_205' title='bbox 818 2212 874 2274; x_wconf 82' lang='grc' dir='ltr'>ῦπδ</span> <span class='ocrx_word' id='word_1_206' title='bbox 893 2213 995 2293; x_wconf 89' lang='grc' dir='ltr'>χρόνου</span> <span class='ocrx_word' id='word_1_207' title='bbox 1051 2230 1052 2237; x_wconf 47' lang='lat'>³</span> 
     </span>
     <span class='ocr_line' id='line_1_26' title="bbox 196 2301 994 2382; baseline 0 -21"><span class='ocrx_word' id='word_1_208' title='bbox 196 2302 246 2366; x_wconf 80' lang='grc' dir='ltr'>τάς</span> <span class='ocrx_word' id='word_1_209' title='bbox 264 2308 360 2382; x_wconf 78' lang='grc' dir='ltr'>χεῖρας</span> <span class='ocrx_word' id='word_1_210' title='bbox 379 2302 612 2378; x_wconf 74' lang='grc' dir='ltr'>ἀποβεβλήκασι,</span> <span class='ocrx_word' id='word_1_211' title='bbox 629 2302 659 2361; x_wconf 77' lang='grc' dir='ltr'>αἲ</span> <span class='ocrx_word' id='word_1_212' title='bbox 677 2307 707 2362; x_wconf 85' lang='grc' dir='ltr'>ἐν</span> <span class='ocrx_word' id='word_1_213' title='bbox 724 2303 794 2361; x_wconf 88' lang='grc' dir='ltr'>ποσὶ</span> <span class='ocrx_word' id='word_1_214' title='bbox 811 2301 916 2363; x_wconf 81' lang='grc' dir='ltr'>αὐτέων</span> <span class='ocrx_word' id='word_1_215' title='bbox 931 2302 994 2378; x_wconf 83' lang='grc' dir='ltr'>φαέ-</span> 
     </span>
     <span class='ocr_line' id='line_1_27' title="bbox 152 2388 995 2467; baseline 0.001 -19"><span class='ocrx_word' id='word_1_216' title='bbox 152 2390 209 2448; x_wconf 81' lang='grc'>132</span> <span class='ocrx_word' id='word_1_217' title='bbox 217 2414 311 2450; x_wconf 88' lang='grc' dir='ltr'>νονται</span> <span class='ocrx_word' id='word_1_218' title='bbox 324 2394 421 2449; x_wconf 88' lang='grc' dir='ltr'>ἐοῦσαι</span> <span class='ocrx_word' id='word_1_219' title='bbox 435 2390 474 2449; x_wconf 81' lang='grc' dir='ltr'>ἔτι</span> <span class='ocrx_word' id='word_1_220' title='bbox 492 2392 539 2449; x_wconf 85' lang='grc' dir='ltr'>καὶ</span> <span class='ocrx_word' id='word_1_221' title='bbox 558 2394 586 2453; x_wconf 89' lang='grc' dir='ltr'>ἐς</span> <span class='ocrx_word' id='word_1_222' title='bbox 604 2390 663 2466; x_wconf 87' lang='grc' dir='ltr'>ἐμέ.</span> <span class='ocrx_word' id='word_1_223' title='bbox 703 2388 741 2449; x_wconf 89' lang='grc' dir='ltr'>Ἡ</span> <span class='ocrx_word' id='word_1_224' title='bbox 757 2389 788 2450; x_wconf 81' lang='grc' dir='ltr'>δὲ</span> <span class='ocrx_word' id='word_1_225' title='bbox 805 2390 879 2465; x_wconf 90' lang='grc' dir='ltr'>βοῦς</span> <span class='ocrx_word' id='word_1_226' title='bbox 896 2389 933 2450; x_wconf 83' lang='grc' dir='ltr'>τοὶ</span> <span class='ocrx_word' id='word_1_227' title='bbox 944 2393 995 2467; x_wconf 77' lang='grc' dir='ltr'>μὲν</span> 
     </span>
     <span class='ocr_line' id='line_1_28' title="bbox 142 2475 994 2558; baseline 0.002 -23"><span class='ocrx_word' id='word_1_228' title='bbox 142 2502 145 2506; x_wconf 93' lang='grc'><em>·</em></span> <span class='ocrx_word' id='word_1_229' title='bbox 197 2475 275 2535; x_wconf 83' lang='grc' dir='ltr'>ἅλλα</span> <span class='ocrx_word' id='word_1_230' title='bbox 290 2478 509 2554; x_wconf 86' lang='grc' dir='ltr'>κατακέκρυπται</span> <span class='ocrx_word' id='word_1_231' title='bbox 527 2479 659 2558; x_wconf 81' lang='grc' dir='ltr'>φοινικέῳ</span> <span class='ocrx_word' id='word_1_232' title='bbox 676 2477 775 2554; x_wconf 81' lang='grc' dir='ltr'>εἵματι,</span> <span class='ocrx_word' id='word_1_233' title='bbox 788 2477 838 2539; x_wconf 76' lang='grc' dir='ltr'>τόν</span> <span class='ocrx_word' id='word_1_234' title='bbox 849 2477 954 2557; x_wconf 86' lang='grc' dir='ltr'>αύχένα</span> <span class='ocrx_word' id='word_1_235' title='bbox 966 2478 994 2537; x_wconf 81' lang='grc' dir='ltr'>δέ</span> 
     </span>
     <span class='ocr_line' id='line_1_29' title="bbox 197 2558 994 2646; baseline 0.001 -22"><span class='ocrx_word' id='word_1_236' title='bbox 197 2565 244 2624; x_wconf 83' lang='grc' dir='ltr'>καὶ</span> <span class='ocrx_word' id='word_1_237' title='bbox 259 2564 312 2641; x_wconf 83' lang='grc' dir='ltr'>τήν</span> <span class='ocrx_word' id='word_1_238' title='bbox 329 2564 457 2641; x_wconf 85' lang='grc' dir='ltr'>κεφαλήν</span> <span class='ocrx_word' id='word_1_239' title='bbox 475 2567 569 2640; x_wconf 81' lang='grc' dir='ltr'>φαίνει</span> <span class='ocrx_word' id='word_1_240' title='bbox 588 2566 786 2646; x_wconf 87' lang='grc' dir='ltr'>κεχρυσωμένα</span> <span class='ocrx_word' id='word_1_241' title='bbox 803 2558 890 2646; x_wconf 85' lang='grc' dir='ltr'>παχέϊ</span> <span class='ocrx_word' id='word_1_242' title='bbox 910 2566 994 2643; x_wconf 89' lang='grc' dir='ltr'>κάρτα</span> 
     </span>
     <span class='ocr_line' id='line_1_30' title="bbox 196 2653 1050 2737; baseline 0.005 -23"><span class='ocrx_word' id='word_1_243' title='bbox 196 2658 301 2733; x_wconf 79' lang='grc' dir='ltr'>χρυσῷ·</span> <span class='ocrx_word' id='word_1_244' title='bbox 321 2653 425 2731; x_wconf 77' lang='grc' dir='ltr'>μεταξύ</span> <span class='ocrx_word' id='word_1_245' title='bbox 445 2655 476 2713; x_wconf 80' lang='grc' dir='ltr'>δὲ</span> <span class='ocrx_word' id='word_1_246' title='bbox 495 2659 550 2716; x_wconf 78' lang='grc' dir='ltr'>τῶν</span> <span class='ocrx_word' id='word_1_247' title='bbox 566 2655 672 2732; x_wconf 90' lang='grc' dir='ltr'>κερέων,</span> <span class='ocrx_word' id='word_1_248' title='bbox 689 2655 705 2714; x_wconf 81' lang='grc' dir='ltr'>ὁ</span> <span class='ocrx_word' id='word_1_249' title='bbox 722 2659 773 2715; x_wconf 91' lang='grc' dir='ltr'>τοῦ</span> <span class='ocrx_word' id='word_1_250' title='bbox 791 2654 876 2731; x_wconf 84' lang='grc' dir='ltr'>ήλίου</span> <span class='ocrx_word' id='word_1_251' title='bbox 897 2654 994 2718; x_wconf 81' lang='grc' dir='ltr'>κύκλος</span> <span class='ocrx_word' id='word_1_252' title='bbox 1049 2726 1050 2737; x_wconf 21' lang='grc' dir='ltr'>γ</span> 
     </span>
     <span class='ocr_line' id='line_1_31' title="bbox 196 2738 1050 2823; baseline -0.001 -21"><span class='ocrx_word' id='word_1_253' title='bbox 196 2743 385 2820; x_wconf 87' lang='grc' dir='ltr'>μεμιμημένος</span> <span class='ocrx_word' id='word_1_254' title='bbox 405 2743 501 2803; x_wconf 85' lang='grc' dir='ltr'>έπεστι</span> <span class='ocrx_word' id='word_1_255' title='bbox 521 2743 652 2823; x_wconf 89' lang='grc' dir='ltr'>χρύσεος.</span> <span class='ocrx_word' id='word_1_256' title='bbox 693 2744 754 2804; x_wconf 84' lang='grc' dir='ltr'>ἐστι</span> <span class='ocrx_word' id='word_1_257' title='bbox 774 2742 804 2803; x_wconf 80' lang='grc' dir='ltr'>δὲ</span> <span class='ocrx_word' id='word_1_258' title='bbox 823 2742 842 2819; x_wconf 84' lang='grc' dir='ltr'>ή</span> <span class='ocrx_word' id='word_1_259' title='bbox 860 2743 932 2818; x_wconf 88' lang='grc' dir='ltr'>βοῦς</span> <span class='ocrx_word' id='word_1_260' title='bbox 946 2741 993 2802; x_wconf 81' lang='grc' dir='ltr'>οῦκ</span> <span class='ocrx_word' id='word_1_261' title='bbox 1049 2738 1050 2743; x_wconf 43' lang='grc'>’</span> 
     </span>
     <span class='ocr_line' id='line_1_32' title="bbox 155 2828 992 2989; baseline -0.001 -99"><span class='ocrx_word' id='word_1_262' title='bbox 155 2865 157 2869; x_wconf 93' lang='grc'><em>·</em></span> <span class='ocrx_word' id='word_1_263' title='bbox 197 2830 276 2908; x_wconf 80' lang='grc' dir='ltr'>ὀρθή,</span> <span class='ocrx_word' id='word_1_264' title='bbox 299 2830 392 2891; x_wconf 73' lang='grc' dir='ltr'>ἀλλ”</span> <span class='ocrx_word' id='word_1_265' title='bbox 379 2857 408 2891; x_wconf 95' lang='grc' dir='ltr'>εν</span> <span class='ocrx_word' id='word_1_266' title='bbox 418 2831 544 2989; x_wconf 90' lang='grc' dir='ltr'>γούνασι</span> <span class='ocrx_word' id='word_1_267' title='bbox 563 2831 682 2909; x_wconf 88' lang='grc' dir='ltr'>κειμένη,</span> <span class='ocrx_word' id='word_1_268' title='bbox 698 2830 828 2943; x_wconf 79' lang='grc' dir='ltr'>μέγαθος</span> <span class='ocrx_word' id='word_1_269' title='bbox 838 2828 905 2889; x_wconf 78' lang='grc' dir='ltr'>δὲ’</span> <span class='ocrx_word' id='word_1_270' title='bbox 888 2855 992 2907; x_wconf 87' lang='grc' dir='ltr'>οσηπερ</span> 
     </span>
     <span class='ocr_line' id='line_1_33' title="bbox 195 2916 992 3028; baseline 0.003 -50"><span class='ocrx_word' id='word_1_271' title='bbox 195 2918 310 3026; x_wconf 75' lang='grc' dir='ltr'>μεγάλη</span> <span class='ocrx_word' id='word_1_272' title='bbox 326 2919 435 2996; x_wconf 82' lang='grc' dir='ltr'>βοῦςζ</span> <span class='ocrx_word' id='word_1_273' title='bbox 434 2918 483 2994; x_wconf 87' lang='grc' dir='ltr'>ιιιή</span> <span class='ocrx_word' id='word_1_274' title='bbox 510 2917 661 3028; x_wconf 86' lang='grc' dir='ltr'>ἐκφέρεται</span> <span class='ocrx_word' id='word_1_275' title='bbox 677 2918 740 2977; x_wconf 83' lang='grc' dir='ltr'>δὲ’</span> <span class='ocrx_word' id='word_1_276' title='bbox 727 2944 757 2977; x_wconf 90' lang='grc' dir='ltr'>εκ</span> <span class='ocrx_word' id='word_1_277' title='bbox 777 2922 828 2978; x_wconf 86' lang='grc' dir='ltr'>τοῦ</span> <span class='ocrx_word' id='word_1_278' title='bbox 848 2916 992 2995; x_wconf 79' lang='grc' dir='ltr'>οἰκήματος</span> 
     </span>
     <span class='ocr_line' id='line_1_34' title="bbox 196 3004 993 3086; baseline -0.001 -22"><span class='ocrx_word' id='word_1_279' title='bbox 196 3004 251 3064; x_wconf 79' lang='grc' dir='ltr'>α’νά</span> <span class='ocrx_word' id='word_1_280' title='bbox 269 3005 361 3066; x_wconf 88' lang='grc' dir='ltr'>πάντα</span> <span class='ocrx_word' id='word_1_281' title='bbox 379 3005 416 3065; x_wconf 79' lang='grc' dir='ltr'>τά</span> <span class='ocrx_word' id='word_1_282' title='bbox 436 3006 505 3073; x_wconf 84' lang='grc' dir='ltr'>ἔτεα,</span> <span class='ocrx_word' id='word_1_283' title='bbox 524 3004 608 3063; x_wconf 87' lang='grc' dir='ltr'>ἐπεαν</span> <span class='ocrx_word' id='word_1_284' title='bbox 627 3004 783 3065; x_wconf 90' lang='grc' dir='ltr'>τύπτωνται</span> <span class='ocrx_word' id='word_1_285' title='bbox 803 3031 831 3064; x_wconf 92' lang='grc' dir='ltr'>οι</span> <span class='ocrx_word' id='word_1_286' title='bbox 821 3005 993 3086; x_wconf 78' lang='grc' dir='ltr'>Αἰγύπτιοι</span> 
     </span>
     <span class='ocr_line' id='line_1_35' title="bbox 195 3090 992 3171; baseline 0.001 -20"><span class='ocrx_word' id='word_1_287' title='bbox 195 3092 245 3151; x_wconf 84' lang='grc' dir='ltr'>τδν</span> <span class='ocrx_word' id='word_1_288' title='bbox 271 3092 321 3151; x_wconf 84' lang='grc' dir='ltr'>οῦκ</span> <span class='ocrx_word' id='word_1_289' title='bbox 347 3091 552 3168; x_wconf 81' lang='grc' dir='ltr'>ὀνομαζόμενον</span> <span class='ocrx_word' id='word_1_290' title='bbox 573 3090 674 3150; x_wconf 76' lang='grc' dir='ltr'>θεόν’</span> <span class='ocrx_word' id='word_1_291' title='bbox 656 3117 696 3150; x_wconf 89' lang='grc' dir='ltr'>οπ</span> <span class='ocrx_word' id='word_1_292' title='bbox 725 3096 789 3168; x_wconf 89' lang='grc' dir='ltr'>ἐμεῦ</span> <span class='ocrx_word' id='word_1_293' title='bbox 814 3092 861 3150; x_wconf 86' lang='grc' dir='ltr'>ε’πὶ</span> <span class='ocrx_word' id='word_1_294' title='bbox 881 3091 992 3171; x_wconf 79' lang='grc' dir='ltr'>τοιούτῳ</span> 
     </span>
     <span class='ocr_line' id='line_1_36' title="bbox 169 3175 1048 3258; baseline 0.003 -22"><span class='ocrx_word' id='word_1_295' title='bbox 169 3245 171 3250; x_wconf 28' lang='grc' dir='ltr'>Ι</span> <span class='ocrx_word' id='word_1_296' title='bbox 196 3177 349 3258; x_wconf 86' lang='grc' dir='ltr'>πρήγματι·</span> <span class='ocrx_word' id='word_1_297' title='bbox 369 3178 434 3237; x_wconf 91' lang='grc' dir='ltr'>τότε</span> <span class='ocrx_word' id='word_1_298' title='bbox 454 3177 491 3236; x_wconf 82' lang='grc' dir='ltr'>ὧν</span> <span class='ocrx_word' id='word_1_299' title='bbox 511 3177 558 3233; x_wconf 82' lang='grc' dir='ltr'>καὶ</span> <span class='ocrx_word' id='word_1_300' title='bbox 577 3175 630 3251; x_wconf 84' lang='grc' dir='ltr'>τήν</span> <span class='ocrx_word' id='word_1_301' title='bbox 648 3178 723 3253; x_wconf 91' lang='grc' dir='ltr'>βοῦν</span> <span class='ocrx_word' id='word_1_302' title='bbox 743 3177 896 3255; x_wconf 82' lang='grc' dir='ltr'>ἐκφέρουσι</span> <span class='ocrx_word' id='word_1_303' title='bbox 916 3184 943 3242; x_wconf 88' lang='grc' dir='ltr'>ἐς</span> <span class='ocrx_word' id='word_1_304' title='bbox 959 3178 991 3239; x_wconf 80' lang='grc' dir='ltr'>τῦ</span> <span class='ocrx_word' id='word_1_305' title='bbox 1047 3212 1048 3217; x_wconf 50' lang='grc'>’</span> 
     </span>
     <span class='ocr_line' id='line_1_37' title="bbox 198 3261 993 3342; baseline 0.006 -21"><span class='ocrx_word' id='word_1_306' title='bbox 198 3268 268 3337; x_wconf 82' lang='grc' dir='ltr'>φῶς·</span> <span class='ocrx_word' id='word_1_307' title='bbox 302 3265 377 3338; x_wconf 84' lang='grc' dir='ltr'>φασὶ</span> <span class='ocrx_word' id='word_1_308' title='bbox 402 3263 458 3342; x_wconf 83' lang='grc' dir='ltr'>γάρ</span> <span class='ocrx_word' id='word_1_309' title='bbox 481 3261 517 3335; x_wconf 76' lang='grc' dir='ltr'>δή</span> <span class='ocrx_word' id='word_1_310' title='bbox 544 3261 632 3335; x_wconf 80' lang='grc' dir='ltr'>αῦτήν</span> <span class='ocrx_word' id='word_1_311' title='bbox 658 3264 789 3339; x_wconf 83' lang='grc' dir='ltr'>δεηθῆναι</span> <span class='ocrx_word' id='word_1_312' title='bbox 813 3269 866 3324; x_wconf 90' lang='grc' dir='ltr'>τοῦ</span> <span class='ocrx_word' id='word_1_313' title='bbox 893 3265 993 3342; x_wconf 76' lang='grc' dir='ltr'>πατρός</span> 
     </span>
    </p>
   </div>
   <div class='ocr_carea' id='block_1_2' title="bbox 0 0 1080 3500">
    <p class='ocr_par' dir='ltr' id='par_1_2' title="bbox 0 0 1080 3500">
     <span class='ocr_line' id='line_1_38' title="bbox 0 0 1080 3500; baseline 0 4"><span class='ocrx_word' id='word_1_314' title='bbox 0 0 1080 3500; x_wconf 95' lang='lat' dir='ltr'> </span> 
     </span>
    </p>
   </div>
  </div>
 </body>
</html>
