2150 3500
127 111 264 174 ιον-16η
417 114 643 166 ααιαοαιααιι.
674 158 677 162 .
880 125 925 173 αα

124 189 254 274 [ἀνδρῶν]
265 191 369 273 γενεὰς,
380 193 452 252 διδοῖ
460 192 526 269 ύμῖν
535 195 640 271 Λοξίης
649 195 815 273 βασιλεύειν
826 199 926 275 Κυρή-

123 294 185 355 νης·
205 281 294 341 πλέον
307 280 403 356 μέντοι
419 281 519 341 τούτου
533 282 596 342 οὐδὲ
609 286 761 361 πειρᾶσθαι
774 287 925 363 παραινέει.

124 367 163 427 σῦ
183 369 279 445 μέντοι
298 368 406 449 ἥσυχος
426 372 496 430 εἶναι
517 373 659 434 κατελθών
676 379 703 437 ἐς
720 374 772 450 τήν
791 380 926 436 σεωυτοῦ·

123 453 202 531 ἢνδὲ
214 457 266 532 τήν
283 457 398 534 κάμινον
415 460 494 538 εῦρης
509 462 600 537 πλέην
616 461 774 539 ἀμφορέων,
788 463 829 540 μή
846 463 877 532 ἐξ
914 498 925 510 ·

123 543 214 622 τήσῃς
230 544 295 608 τοῦς
312 543 464 624 ἀμφορέας,
478 547 543 606 ἀλλ’
557 548 706 627 ἀπόπεμπε
720 549 778 609 κατ’
792 549 884 626 οῦρον·
902 555 927 610 εἰ

124 633 155 692 δὲ
165 633 328 709 ἐξοπτήσεις
341 634 393 710 τήν
404 635 528 712 κάμινον,
538 637 578 713 μή
593 639 712 716 ἐσέλθῃς
723 643 750 701 ἐς
759 638 811 713 τήν
821 637 926 716 ἀμφίρ-

124 748 218 798 ρυτον·
240 723 312 782 εἰδὲ
329 722 378 799 μή,
392 722 546 783 ἀποθανέαι
564 725 610 783 καὶ
630 725 712 788 αύτδς
730 727 776 784 καὶ
790 731 890 804 ταῦρος
908 726 925 786 ὁ
961 725 962 728 ¹

125 809 342 870 καλλιστεύων.”
384 815 479 870 Ταῦτα
495 810 515 886 ή
531 813 625 887 Πυθίη
646 811 815 892 Ἀρκεσίλεῳ
835 840 904 894 χρηι·
916 815 973 873 164

124 896 141 956 0‘
155 897 185 955 δέ
198 897 374 974 παραλαβάν
389 897 455 961 τοῦς
473 903 503 958 ἐκ
520 902 572 974 τῆς
585 899 682 975 Σάμου
697 903 821 976 κατῆλθε
834 907 861 964 ἐς
874 901 925 976 τὴν

125 985 270 1062 Κυρήνην·
305 984 352 1044 καὶ
375 985 564 1063 ἐπικρατήσας
586 991 642 1046 τῶν
670 987 849 1068 πρηγμάτων,
876 993 926 1047 τοῦ

95 1088 99 1092 “
124 1073 260 1148 μαντηίου
271 1070 321 1151 οῦκ
336 1074 474 1150 ἐμέμνητο
487 1073 565 1132 ἀλλά
580 1073 655 1136 δίκας
668 1073 732 1136 τοῦς
743 1073 926 1135 ἀντιστασιά-

124 1185 176 1222 τας
198 1160 271 1219 αίτεε
293 1164 345 1237 τῆς
368 1165 469 1220 ἑωυτοῦ
494 1165 595 1242 φυγῆς.
636 1165 692 1221 τῶν
715 1163 744 1221 δὲ
768 1165 794 1221 οἱ
817 1165 869 1240 μὲν
882 1163 925 1223 ’τό
957 1235 959 1240 ,

124 1247 258 1324 παράπαν
272 1253 303 1307 ἐκ
315 1253 365 1324 τῆς
378 1247 469 1328 χώρης
482 1249 717 1320 ἀπαλλάσσοντο,
730 1249 795 1313 τοῦς
808 1251 839 1310 δέ
850 1277 926 1314 τινας

125 1335 333 1413 χειρωσάμενος
352 1334 368 1394 ό
388 1335 573 1413 Ἀρκεσίλεως
592 1341 619 1400 ἐς
640 1337 758 1414 Κύπρον
776 1338 926 1397 ἀπέστειλε

127 1423 173 1481 ἐπὶ
181 1423 334 1502 διαφθορῇ·
346 1422 461 1487 τούτους
471 1425 523 1501 μέν
536 1451 584 1484 νυν
595 1425 704 1485 Κνίδιοι
715 1425 927 1504 ἀπενειχθέντας

125 1509 197 1587 πρός
216 1509 269 1586 τήν
289 1511 432 1587 σφετέρην
451 1511 613 1589 ἐρρύσαντο,
638 1513 684 1570 καὶ
695 1517 730 1575 ,ἐς
749 1513 844 1590 Θήρην
860 1511 926 1570 ἀπέ-

126 1601 253 1657 στειλαν.
282 1599 389 1675 ἐτέρους
402 1599 434 1657 δέ
444 1624 521 1662 τινας
533 1603 589 1659 τῶν
602 1601 766 1675 Κυρηναίων
779 1605 807 1663 ἐς
820 1599 927 1680 πύργον

128 1685 217 1764 αέγαν
235 1683 422 1766 Ἀγλωμάχου
450 1687 663 1769 καταφυγόντας
687 1687 829 1763 ἰδιωτικόν,
855 1687 926 1763 ὕλην

128 1772 280 1849 περινήσας
300 1773 316 1833 ό
336 1772 520 1851 Ἀρκεσίλεως
541 1776 687 1853 ἐνέπρησε.
720 1775 818 1853 μαθιῦν
836 1777 865 1836 δὲ
884 1774 925 1835 ἐπ’

127 1860 357 1941 ἐξεργασμένοισι
381 1863 415 1921 τό
437 1862 573 1939 μαντήϊον
596 1863 641 1923 ἐὰν
661 1869 753 1934 τοῦτο,
775 1864 818 1924 ὅτι
840 1890 888 1941 μιν
915 1863 934 1939 ή

129 1950 222 2024 Πυθίη
241 1948 290 2008 ούκ
305 1949 336 2006 ἔα
350 1948 465 2025 εὑρόντα
481 1955 511 2008 ἐν
525 1954 563 2027 τῇ
579 1952 683 2027 καμίνῳ
701 1952 766 2013 τοῦς
782 1951 926 2027 ἀμφορέας

127 2036 290 2110 ἐξοπτῆσαι,
305 2036 400 2116 ἐργετο
422 2034 489 2093 ἐκῶν
501 2040 552 2110 τῆς
563 2041 619 2095 τῶν
636 2038 799 2112 Κυρηναίων
817 2037 924 2109 πόλιος,

127 2124 272 2199 δειμαίνων
297 2148 329 2182 τε
351 2122 401 2182 τόν
422 2122 593 2199 κεχρημένον
614 2121 734 2182 θάνατον
757 2123 803 2181 καὶ
827 2124 927 2183 δοκέων

105 2210 304 2287 ’ἀμφίρρυτον
324 2208 376 2285 τὴν
400 2205 531 2285 Κυρήνην
559 2209 639 2270 εἶναι·
674 2210 732 2288 εἶχε
755 2210 785 2269 δὲ
811 2213 927 2289 γυναῖκα

128 2299 267 2379 συγγενέα
288 2301 398 2367 ἑωυτοῦ,
422 2296 561 2376 θυγατέρα
583 2296 613 2355 δέ
635 2300 687 2355 τοῦ
706 2300 762 2356 τῶν
776 2297 927 2372 ,Βαρκαίων

128 2387 267 2460 βασιλέως
279 2390 318 2462 τῷ
331 2382 436 2461 οῦνομα
449 2382 484 2459 ἦν
496 2382 628 2460 Ἀλαζίρ·
649 2383 725 2461 παραὶ
737 2388 838 2443 τοῦτον
856 2382 935 2441 ἀπικ-

129 2474 230 2531 νέεται·
265 2473 314 2531 καί
337 2497 386 2547 μιν
412 2470 551 2547 Βαρκαῖοί
574 2496 605 2530 τε
632 2469 728 2548 ἀνδρες
756 2471 801 2530 καὶ
818 2476 874 2531 τιῦν
897 2476 926 2529 ἐκ

130 2558 260 2635 Κυρήνης
277 2557 407 2640 φυγάδων
424 2559 496 2621 τινές
517 2558 724 2635 καταμαθόντες
744 2558 925 2640 ἀγοράζοντα,

130 2647 279 2706 κτείνουσι·
296 2646 367 2724 πρός
376 2646 405 2705 δέ
418 2645 464 2704 καὶ
472 2643 522 2705 τόν
535 2645 670 2721 πενθερόν
683 2645 767 2706 αύτοῦ
779 2646 927 2721 Ἀλαζῖρα.
980 2666 983 2672 ·

129 2731 314 2812 Ἀρκεσίλεως
328 2734 380 2811 μέν
395 2759 451 2803 νυν,
466 2733 520 2791 εἴτε
539 2732 607 2791 ἓκιδν
625 2733 678 2791 εἴτε
697 2731 777 2802 ἄκων,
796 2731 928 2808 ἀμαρτων

128 2824 180 2880 τοῦ
191 2826 324 2899 χρησμοῦ
338 2822 476 2896 ἐξέπλησε
488 2823 590 2897 μοῖραν
601 2818 654 2893 τήν
667 2822 778 2878 ἑωυτοῦ.

169 2908 206 2967 Ἡ
220 2910 250 2967 δὲ
257 2909 350 2985 μήτηρ
360 2909 504 2985 Φερετίμη,
515 2907 582 2970 τέως
591 2908 643 2982 μὲν
656 2904 672 2965 ό
685 2905 869 2982 Ἀρκεσίλεως
880 2910 908 2965 ἐν
919 2908 975 2964 165

128 2999 165 3073 τῇ
178 2995 275 3073 Βάρκη
291 2996 415 3055 διαιτᾶτο
430 2994 739 3075 ἐξεργασμένοςέωυτῷ
756 2992 849 3063 κακόν,
863 2992 881 3067 ἦ
899 2993 928 3051 δέ

130 3082 189 3160 εἶχε
203 3081 272 3157 αῦτή
283 3085 334 3141 τοῦ
344 3081 443 3145 παιδός
454 3081 490 3141 τά
503 3082 587 3162 γέρεα
602 3086 630 3141 ἐν
644 3081 767 3159 Κυρήνη,
778 3080 824 3139 καὶ
833 3079 928 3140 τάλλα

129 3170 266 3246 νεμομένη
280 3169 326 3227 καὶ
340 3172 368 3227 ἐν
381 3169 476 3247 βουλῇ
489 3169 661 3246 παρίζουσα·
683 3170 745 3228 ἐπεί
755 3195 786 3230 τε
800 3169 829 3228 δὲ
843 3169 928 3246 ἔμαθε

129 3262 160 3317 ἐν
178 3260 214 3335 τῇ
234 3255 332 3335 Βάρκη
352 3254 529 3317 ἀποθανόντα
550 3258 576 3315 οἶ
596 3256 646 3317 τάν
665 3256 760 3329 παῖδα,
781 3256 928 3339 φεύγουσα
