2150 3500
184 120 217 172 ιο
491 118 675 172 Ἦοοοοτοπ
954 118 994 184 [ι

185 198 232 259 καὶ
244 193 263 259 ά
275 198 329 275 μὶν
339 199 428 259 ταῦτα
440 200 573 277 φρονέων,
586 197 624 263 οἷς
639 197 755 259 ἆπίκετο
767 200 796 262 ές
809 196 861 262 τάς
876 196 993 276 Σάρδις,

185 286 291 364 ἔπεμπε
303 284 422 362 κήρυκας
438 287 509 348 κατοὶ
521 284 573 349 τὰς
584 286 748 365 συμμαχίας
762 286 950 364 προερέοντας
964 293 993 352 ἐς

184 373 313 451 πέμπτον
324 377 401 451 μῆνα
416 375 639 456 συλλέγεσθοι’
626 399 654 438 ες
670 371 824 451 Σάρδις,
790 399 842 435 τον
856 373 889 434 δὲ
902 399 993 452 πορε-

184 460 252 524 άντα
262 462 309 522 καὶ
320 461 517 571 μαχεσάμενον
526 487 651 539 στραπον
661 460 829 541 Πέρσησι,
811 486 843 524 ος
853 459 892 537 ἦν
900 461 992 524 αὖτοῦ

184 547 357 620 ξεινικός,’
317 575 409 610 ποντα
421 549 501 614 ἀπεὶς
513 550 685 619 διεσκέδασε,
696 547 805 627 οὐδαμά
814 548 991 613 ἐλπίσας’
947 576 991 628 μη

185 661 249 698 κοτε
268 636 324 716 άρο
342 636 551 719 ἀγωνισάμενος
573 636 645 699 οίτιο
667 637 873 716 παραπλησίως
892 641 991 716 Κῦρος

185 725 283 786 ἐλάσει
295 725 342 788 ἐπὶ
353 725 466 804 Σάρδις.

135 813 176 877 78
224 817 319 874 Τοῦτο
338 813 527 895 ἐπιλεγομένῳ
546 813 664 894 Κροίσῳ
685 811 720 874 τδ
739 811 911 891 προάστειον
930 815 990 875 πᾶν

183 900 273 978 ὀφίων
298 899 470 978 ἐνεπλήσθη·
498 901 641 978 φανέντων
668 900 700 961 δέ
726 899 824 976 αὐτῶν,
850 904 879 962 οἱ
905 901 991 963 ἵπποι

183 988 321 1066 μετιέντες
334 987 385 1052 τάς
397 988 484 1066 νομὰς
499 989 634 1068 νέμεσθαι
648 989 807 1066 φοιτέοντες
821 988 989 1066 κατήσθιον.

185 1075 271 1138 ἰδόντι
287 1076 318 1138 δὲ
332 1080 416 1138 τοῦτο
434 1076 561 1158 Κροίσῳ,
576 1076 672 1156 ὥσπερ
690 1077 738 1137 καὶ
752 1075 796 1154 ἦν,
813 1076 891 1147 ἔδοξε
904 1077 990 1156 τέρος

184 1164 263 1225 εἶναι·
289 1163 388 1226 αὐτίκα
403 1164 434 1225 δέ
451 1166 558 1243 ἐπεμπε
577 1163 756 1243 θεοπρόπους.
766 1168 795 1229 ές
810 1168 867 1226 τῶν
886 1165 988 1246 ἐξηγη-

182 1253 251 1314 τέων
271 1252 473 1331 Τελμησσέων·
496 1252 692 1330 ἀπικομένοισι
713 1252 745 1312 δέ
766 1255 845 1312 τοῖσι
868 1251 988 1333 θεοπρό-

182 1366 273 1414 ποισι,
288 1342 335 1401 καὶ
354 1341 479 1419 μαθοῦσι
494 1340 566 1420 πρδς
581 1341 773 1423 Τελμησσέων
788 1339 823 1400 τό
839 1340 916 1400 θέλει
933 1365 988 1418 ση-

182 1430 290 1508 μαίνειν
301 1428 335 1490 τό
348 1429 438 1506 τέρας,
452 1427 660 1510 οὖκέξεγένετο
675 1427 792 1507 Κροίσῳ
804 1426 987 1510 ἀπαγγεῖλαι·

182 1517 249 1595 πρὶν
260 1515 317 1598 γάρ
329 1514 348 1592 ἣ
364 1515 456 1576 ὀπίσω
471 1515 565 1594 σφέας
580 1513 748 1576 ἀναπλῶσαι
765 1521 793 1580 ές
807 1513 858 1579 τάς
874 1516 987 1594 Σάρδις,

107 1657 110 1664 .
183 1603 244 1681 ἥλω
257 1603 274 1664 o‘
287 1606 422 1681 Κροῖσος.
455 1602 639 1681 Τελμησσέες
650 1605 703 1680 μέν
715 1628 760 1664 τοι
771 1602 838 1664 τάδε
850 1605 986 1685 ἔγνωσαν,

183 1690 306 1771 στρατόν
323 1688 483 1770 α’λλάθροον
502 1689 695 1770 προσδόκιμον
712 1690 783 1753 εἶναι
802 1693 920 1774 Κροίσῳ
939 1693 987 1755 ἐπὶ

181 1779 233 1858 τὴν
254 1778 357 1861 χάρην,
377 1776 548 1859 ἀπικόμενον
566 1779 597 1839 δέ
615 1783 715 1841 τοῦτον
738 1780 987 1859 καταστρέψεσθαι

181 1868 247 1934 τοδς
272 1867 443 1949 ἐπιχωρίους·
469 1868 601 1951 λέγοντες
626 1865 696 1945 ὅφιν
718 1866 788 1928 εἶναι
808 1872 869 1950 ’γῆς1
886 1869 985 1941 παῖδα,

184 1958 270 2018 ἵππον
278 1957 309 2018 δὲ
320 1955 458 2035 πολέμιόν
466 1982 499 2018 τε
511 1956 559 2017 καὶ
571 1954 707 2032 ἐπήλυδα.
737 1956 922 2034 Τελμησσέες
932 1959 987 2035 μέν

183 2069 233 2105 νυν
250 2047 339 2107 τοῦτο
358 2042 539 2120 ὑπεκρίναντο
559 2045 675 2124 Κροίσῳ
688 2041 744 2121 ἤδη
758 2043 889 2121 ἡλωκότι,
904 2045 988 2108 οόδέν

186 2158 225 2193 κω
237 2130 338 2195 εἰδότες
348 2133 403 2192 τῶν
412 2130 448 2207 ἦν
456 2132 521 2209 περὶ
534 2129 637 2209 Σάρδις
647 2155 680 2193 πε
692 2131 739 2191 καλ
752 2130 837 2193 αὐτόν
845 2136 986 2210 Κροῖσον.

138 2218 176 2281 79
227 2222 321 2297 Κῦρος
333 2218 371 2290 δέ,
381 2216 480 2279 αὐτίκα
491 2216 697 2282 ἐπελαύνοντος
709 2218 838 2297 Κροίσου
848 2219 922 2297 μετὰ
932 2218 986 2298 τὴν

184 2306 279 2387 μάχην
292 2306 346 2384 τὴν
358 2305 509 2388 γενομένην
525 2310 555 2365 ἐν
570 2308 608 2383 τῇ
623 2306 740 2386 Πτερίη,
752 2306 850 2384 μοθδν
864 2305 901 2371 ὦς
916 2305 986 2369 άπε-

184 2393 278 2458 λάσος
288 2394 393 2471 μέλλοι
406 2396 532 2469 Κροῖσος
546 2392 696 2454 διασκεδᾶν
707 2392 758 2456 τᾶν
769 2392 901 2471 στρατόν,
914 2396 987 2471 βου-

183 2480 333 2557 λευόμενος
341 2479 451 2558 εὕρισκε
458 2478 611 2561 πρῆγμάοί
619 2478 689 2540 εἶναι
696 2480 863 2546 ι’λιιόνεινάς
872 2481 988 2544 δύναιτο

183 2566 306 2647 τάχιστα
318 2566 364 2627 ἐπὶ
372 2564 424 2631 ποῖς
433 2565 543 2645 Σάρδις,
550 2564 642 2645 πρὶνῆ
651 2566 685 2629 τὰ
695 2568 823 2646 δεύτερον
830 2568 989 2646 ἁλισθῆναι

183 2658 239 2715 τῶν
252 2654 350 2715 Λυδῶν
363 2652 417 2731 την
432 2652 557 2731 δύναμιν.
597 2652 635 2719 οἷς
649 2654 682 2715 δέ
694 2658 722 2716 οἱ
736 2660 825 2717 ταῦτα
840 2656 925 2727 ἔδοξε,
937 2658 988 2718 καὶ

184 2744 275 2803 ἐποίεε
290 2740 361 2803 κατὰ
376 2741 473 2822 τάχος·
492 2740 600 2806 ἐλάσας
613 2741 669 2823 γάρ
683 2742 735 2804 τόν
750 2742 873 2820 στρατόν
890 2748 919 2808 ές
932 2744 988 2821 τήν

184 2830 297 2907 Λυδίην,
310 2827 393 2894 αὖτδς
408 2828 530 2912 ἄγγελος
547 2831 663 2910 Κροίσῳ
680 2829 826 2908 ε’ληλάθεε.
865 2832 987 2895 ε’νθαῧτα

185 2922 310 2995 Κροῖσος
325 2922 353 2983 ές
370 2915 489 2996 α’πορίην
506 2918 621 2994 πολλὴν
635 2916 796 3000 ἀπιγμένος,
809 2917 846 2982 ὥς
862 2921 890 2979 οἱ
908 2920 988 2997 παρὰ

184 3004 269 3076 δόξαν
278 3007 346 3085 έσχε
357 3004 395 3066 τὰ
406 3005 559 3086 πρήγματα
571 3004 590 3082 ἢ
603 3004 639 3070 ὦς
652 3005 735 3071 αὐτός
747 3005 899 3077 κατεδόκεε,
910 3004 987 3083 ὅμως

183 3093 249 3158 τούς
269 3093 377 3158 Δυδοδς
398 3094 481 3175 ε’ξῆγε
503 3096 532 3156 ἐς
553 3092 658 3171 μάχην.
697 3092 733 3170 ἧν
755 3094 786 3153 δέ
809 3096 911 3155 τοῦτον
931 3092 986 3155 τόν

183 3179 286 3257 χρόνον
304 3181 383 3244 έθνος
402 3180 481 3240 οὐδὲν
500 3183 530 3239 ἐν
548 3183 586 3257 τῇ
604 3178 691 3257 Ἀσίη
710 3179 775 3241 οὔτε
794 3179 986 3259 ἀνδρειότερον

184 3262 249 3325 οὔτε
260 3263 451 3344 άλκιμοίτερον
464 3267 517 3327 τοῦ
527 3264 643 3324 Λυδίου
661 3264 682 3339 ἦ
697 3264 728 3325 δὲ
743 3265 822 3345 μάχη
834 3267 934 3344 σφέων
948 3266 988 3344 ἧν
