<?xml version="1.0" encoding="UTF-8"?>
<!DOCTYPE html PUBLIC "-//W3C//DTD XHTML 1.0 Transitional//EN"
    "http://www.w3.org/TR/xhtml1/DTD/xhtml1-transitional.dtd">
<html xmlns="http://www.w3.org/1999/xhtml" xml:lang="en" lang="en">
 <head>
  <title>
</title>
<meta http-equiv="Content-Type" content="text/html;charset=utf-8" />
  <meta name='ocr-system' content='tesseract 3.04.00' />
  <meta name='ocr-capabilities' content='ocr_page ocr_carea ocr_par ocr_line ocrx_word'/>
</head>
<body>
  <div class='ocr_page' id='page_1' title='image "./herodotus00blakgoog_0242.png"; bbox 0 0 2150 3500; ppageno 0'>
   <div class='ocr_carea' id='block_1_1' title="bbox 93 115 945 3355">
    <p class='ocr_par' dir='ltr' id='par_1_1' title="bbox 93 115 945 3355">
     <span class='ocr_line' id='line_1_1' title="bbox 96 115 898 183; baseline 0.001 -16"><span class='ocrx_word' id='word_1_1' title='bbox 96 115 206 183; x_wconf 77' lang='grc' dir='ltr'>ιο-ιυ]</span> <span class='ocrx_word' id='word_1_2' title='bbox 426 119 561 173; x_wconf 63' lang='lat' dir='ltr'>enm.</span> <span class='ocrx_word' id='word_1_3' title='bbox 849 121 898 169; x_wconf 79' lang='lat'>225</span> 
     </span>
     <span class='ocr_line' id='line_1_2' title="bbox 94 196 898 279; baseline 0 -18"><span class='ocrx_word' id='word_1_4' title='bbox 94 202 149 277; x_wconf 82' lang='grc' dir='ltr'>μέν</span> <span class='ocrx_word' id='word_1_5' title='bbox 168 197 362 278; x_wconf 78' lang='grc' dir='ltr'>πρεσβύτερος</span> <span class='ocrx_word' id='word_1_6' title='bbox 379 198 469 260; x_wconf 78' lang='grc' dir='ltr'>αὐτῶν</span> <span class='ocrx_word' id='word_1_7' title='bbox 485 204 515 259; x_wconf 88' lang='grc' dir='ltr'>ἐν</span> <span class='ocrx_word' id='word_1_8' title='bbox 532 198 623 259; x_wconf 79' lang='grc' dir='ltr'>οὐδενὶ</span> <span class='ocrx_word' id='word_1_9' title='bbox 639 196 717 279; x_wconf 80' lang='grc' dir='ltr'>λόγῳ</span> <span class='ocrx_word' id='word_1_10' title='bbox 735 197 898 275; x_wconf 85' lang='grc' dir='ltr'>ἐποιήσατο·</span> 
     </span>
     <span class='ocr_line' id='line_1_3' title="bbox 96 285 900 369; baseline -0.004 -21"><span class='ocrx_word' id='word_1_11' title='bbox 96 287 114 348; x_wconf 83' lang='grc' dir='ltr'>ὁ</span> <span class='ocrx_word' id='word_1_12' title='bbox 140 288 171 348; x_wconf 85' lang='grc' dir='ltr'>δέ</span> <span class='ocrx_word' id='word_1_13' title='bbox 196 288 326 365; x_wconf 79' lang='grc' dir='ltr'>νεώτερος</span> <span class='ocrx_word' id='word_1_14' title='bbox 351 291 390 367; x_wconf 76' lang='grc' dir='ltr'>τῷ</span> <span class='ocrx_word' id='word_1_15' title='bbox 416 285 520 363; x_wconf 79' lang='grc' dir='ltr'>οὔνομα</span> <span class='ocrx_word' id='word_1_16' title='bbox 544 286 579 362; x_wconf 87' lang='grc' dir='ltr'>ἦν</span> <span class='ocrx_word' id='word_1_17' title='bbox 602 287 767 363; x_wconf 83' lang='grc' dir='ltr'>Λυκόφρων,</span> <span class='ocrx_word' id='word_1_18' title='bbox 787 286 900 369; x_wconf 82' lang='grc' dir='ltr'>ἤλγησε</span> 
     </span>
     <span class='ocr_line' id='line_1_4' title="bbox 96 373 900 451; baseline 0.001 -17"><span class='ocrx_word' id='word_1_19' title='bbox 96 374 223 438; x_wconf 73' lang='grc' dir='ltr'>ἀκούσας</span> <span class='ocrx_word' id='word_1_20' title='bbox 239 374 309 436; x_wconf 77' lang='grc' dir='ltr'>οὕτω</span> <span class='ocrx_word' id='word_1_21' title='bbox 323 375 396 435; x_wconf 80' lang='grc' dir='ltr'>ὥστε</span> <span class='ocrx_word' id='word_1_22' title='bbox 413 374 580 451; x_wconf 74' lang='grc' dir='ltr'>ἀπικόμενος</span> <span class='ocrx_word' id='word_1_23' title='bbox 594 380 621 437; x_wconf 89' lang='grc' dir='ltr'>ἐς</span> <span class='ocrx_word' id='word_1_24' title='bbox 633 373 686 449; x_wconf 76' lang='grc' dir='ltr'>τήν</span> <span class='ocrx_word' id='word_1_25' title='bbox 699 374 839 451; x_wconf 88' lang='grc' dir='ltr'>Κόρινθον</span> <span class='ocrx_word' id='word_1_26' title='bbox 851 376 900 435; x_wconf 81' lang='grc' dir='ltr'>ἅτε</span> 
     </span>
     <span class='ocr_line' id='line_1_5' title="bbox 96 462 899 541; baseline 0 -18"><span class='ocrx_word' id='word_1_27' title='bbox 96 465 187 539; x_wconf 82' lang='grc' dir='ltr'>φονέα</span> <span class='ocrx_word' id='word_1_28' title='bbox 202 468 253 539; x_wconf 80' lang='grc' dir='ltr'>τῆς</span> <span class='ocrx_word' id='word_1_29' title='bbox 269 462 375 541; x_wconf 81' lang='grc' dir='ltr'>μητρός</span> <span class='ocrx_word' id='word_1_30' title='bbox 387 462 437 523; x_wconf 81' lang='grc' dir='ltr'>τόν</span> <span class='ocrx_word' id='word_1_31' title='bbox 450 464 557 540; x_wconf 81' lang='grc' dir='ltr'>πατέρα</span> <span class='ocrx_word' id='word_1_32' title='bbox 570 462 634 522; x_wconf 77' lang='grc' dir='ltr'>οὔτε</span> <span class='ocrx_word' id='word_1_33' title='bbox 647 465 794 540; x_wconf 85' lang='grc' dir='ltr'>προσεῖπε,</span> <span class='ocrx_word' id='word_1_34' title='bbox 808 462 899 523; x_wconf 88' lang='grc' dir='ltr'>διαλε-</span> 
     </span>
     <span class='ocr_line' id='line_1_6' title="bbox 94 549 900 633; baseline 0.001 -22"><span class='ocrx_word' id='word_1_35' title='bbox 94 553 206 633; x_wconf 84' lang='grc' dir='ltr'>γομένῳ</span> <span class='ocrx_word' id='word_1_36' title='bbox 225 577 257 611; x_wconf 88' lang='grc' dir='ltr'>τε</span> <span class='ocrx_word' id='word_1_37' title='bbox 276 549 340 612; x_wconf 61' lang='grc' dir='ltr'>ὀὔτε</span> <span class='ocrx_word' id='word_1_38' title='bbox 360 550 579 632; x_wconf 80' lang='grc' dir='ltr'>προσδιελέγετο</span> <span class='ocrx_word' id='word_1_39' title='bbox 598 550 756 626; x_wconf 76' lang='grc' dir='ltr'>ἱστορέοντί</span> <span class='ocrx_word' id='word_1_40' title='bbox 766 576 797 611; x_wconf 87' lang='grc' dir='ltr'>τε</span> <span class='ocrx_word' id='word_1_41' title='bbox 810 550 900 631; x_wconf 85' lang='grc' dir='ltr'>λόγον</span> 
     </span>
     <span class='ocr_line' id='line_1_7' title="bbox 96 637 899 717; baseline 0 -18"><span class='ocrx_word' id='word_1_42' title='bbox 96 639 196 700; x_wconf 73' lang='grc' dir='ltr'>οὐδένα</span> <span class='ocrx_word' id='word_1_43' title='bbox 217 640 316 699; x_wconf 80' lang='grc' dir='ltr'>ἐδίδου·</span> <span class='ocrx_word' id='word_1_44' title='bbox 339 640 421 704; x_wconf 90' lang='grc' dir='ltr'>τέλος</span> <span class='ocrx_word' id='word_1_45' title='bbox 441 638 473 698; x_wconf 88' lang='grc' dir='ltr'>δέ</span> <span class='ocrx_word' id='word_1_46' title='bbox 491 664 540 715; x_wconf 89' lang='grc' dir='ltr'>μιν</span> <span class='ocrx_word' id='word_1_47' title='bbox 555 639 620 715; x_wconf 91' lang='grc' dir='ltr'>πέρι</span> <span class='ocrx_word' id='word_1_48' title='bbox 638 638 716 716; x_wconf 79' lang='grc' dir='ltr'>θυμῷ</span> <span class='ocrx_word' id='word_1_49' title='bbox 736 637 899 717; x_wconf 80' lang='grc' dir='ltr'>ἐχόμενοςό</span> 
     </span>
     <span class='ocr_line' id='line_1_8' title="bbox 96 724 943 805; baseline 0.001 -20"><span class='ocrx_word' id='word_1_50' title='bbox 96 727 269 805; x_wconf 91' lang='grc' dir='ltr'>Περίανδρος</span> <span class='ocrx_word' id='word_1_51' title='bbox 286 726 425 797; x_wconf 79' lang='grc' dir='ltr'>ἐξελαύνει</span> <span class='ocrx_word' id='word_1_52' title='bbox 446 731 477 786; x_wconf 92' lang='grc' dir='ltr'>ἐκ</span> <span class='ocrx_word' id='word_1_53' title='bbox 491 730 547 786; x_wconf 78' lang='grc' dir='ltr'>τῶν</span> <span class='ocrx_word' id='word_1_54' title='bbox 562 726 664 786; x_wconf 83' lang='grc' dir='ltr'>οἰκίων.</span> <span class='ocrx_word' id='word_1_55' title='bbox 697 724 855 795; x_wconf 81' lang='grc' dir='ltr'>Ἐξελιίσας</span> <span class='ocrx_word' id='word_1_56' title='bbox 868 726 943 787; x_wconf 83' lang='grc' dir='ltr'>δέ51</span> 
     </span>
     <span class='ocr_line' id='line_1_9' title="bbox 94 812 899 892; baseline 0 -17"><span class='ocrx_word' id='word_1_57' title='bbox 94 819 205 886; x_wconf 80' lang='grc' dir='ltr'>τοῦτον,</span> <span class='ocrx_word' id='word_1_58' title='bbox 227 814 336 892; x_wconf 82' lang='grc' dir='ltr'>ἱστόρεε</span> <span class='ocrx_word' id='word_1_59' title='bbox 355 813 405 875; x_wconf 79' lang='grc' dir='ltr'>τόν</span> <span class='ocrx_word' id='word_1_60' title='bbox 424 813 620 892; x_wconf 80' lang='grc' dir='ltr'>πρεσβύτερον</span> <span class='ocrx_word' id='word_1_61' title='bbox 636 812 673 872; x_wconf 84' lang='grc' dir='ltr'>τό</span> <span class='ocrx_word' id='word_1_62' title='bbox 692 819 748 889; x_wconf 94' lang='grc' dir='ltr'>σφι</span> <span class='ocrx_word' id='word_1_63' title='bbox 766 813 782 873; x_wconf 83' lang='grc' dir='ltr'>ὁ</span> <span class='ocrx_word' id='word_1_64' title='bbox 797 840 899 892; x_wconf 86' lang='grc' dir='ltr'>μητρο-</span> 
     </span>
     <span class='ocr_line' id='line_1_10' title="bbox 94 899 899 983; baseline -0.001 -21"><span class='ocrx_word' id='word_1_65' title='bbox 94 902 193 980; x_wconf 89' lang='grc' dir='ltr'>παίτωρ</span> <span class='ocrx_word' id='word_1_66' title='bbox 212 902 353 982; x_wconf 83' lang='grc' dir='ltr'>διελέχθη·</span> <span class='ocrx_word' id='word_1_67' title='bbox 374 901 436 962; x_wconf 85' lang='grc' dir='ltr'>όδέ</span> <span class='ocrx_word' id='word_1_68' title='bbox 454 905 480 961; x_wconf 85' lang='grc' dir='ltr'>οἱ</span> <span class='ocrx_word' id='word_1_69' title='bbox 496 901 636 983; x_wconf 75' lang='grc' dir='ltr'>ἀπηγέετο</span> <span class='ocrx_word' id='word_1_70' title='bbox 653 899 688 964; x_wconf 82' lang='grc' dir='ltr'>ὥς</span> <span class='ocrx_word' id='word_1_71' title='bbox 706 907 798 977; x_wconf 91' lang='grc' dir='ltr'>σφεας</span> <span class='ocrx_word' id='word_1_72' title='bbox 816 906 899 978; x_wconf 83' lang='grc' dir='ltr'>φιλο·</span> 
     </span>
     <span class='ocr_line' id='line_1_11' title="bbox 94 988 899 1067; baseline -0.002 -16"><span class='ocrx_word' id='word_1_73' title='bbox 94 991 207 1067; x_wconf 91' lang='grc' dir='ltr'>φρόνως</span> <span class='ocrx_word' id='word_1_74' title='bbox 233 990 354 1060; x_wconf 60' lang='grc' dir='ltr'>δέξατο·</span> <span class='ocrx_word' id='word_1_75' title='bbox 389 990 493 1050; x_wconf 86' lang='grc' dir='ltr'>ἐκείνου</span> <span class='ocrx_word' id='word_1_76' title='bbox 516 989 547 1049; x_wconf 81' lang='grc' dir='ltr'>δέ</span> <span class='ocrx_word' id='word_1_77' title='bbox 573 992 624 1049; x_wconf 78' lang='grc' dir='ltr'>τοῦ</span> <span class='ocrx_word' id='word_1_78' title='bbox 650 989 729 1052; x_wconf 80' lang='grc' dir='ltr'>ἔπεος</span> <span class='ocrx_word' id='word_1_79' title='bbox 751 988 784 1049; x_wconf 88' lang='grc' dir='ltr'>τό</span> <span class='ocrx_word' id='word_1_80' title='bbox 805 995 861 1067; x_wconf 88' lang='grc' dir='ltr'>σφι</span> <span class='ocrx_word' id='word_1_81' title='bbox 882 988 899 1050; x_wconf 80' lang='grc' dir='ltr'>ὅ</span> 
     </span>
     <span class='ocr_line' id='line_1_12' title="bbox 94 1074 899 1156; baseline -0.001 -18"><span class='ocrx_word' id='word_1_82' title='bbox 94 1083 233 1156; x_wconf 82' lang='grc' dir='ltr'>Προκλῆς</span> <span class='ocrx_word' id='word_1_83' title='bbox 252 1077 438 1139; x_wconf 78' lang='grc' dir='ltr'>ἀποστέλλων</span> <span class='ocrx_word' id='word_1_84' title='bbox 454 1077 521 1151; x_wconf 80' lang='grc' dir='ltr'>εἶπε,</span> <span class='ocrx_word' id='word_1_85' title='bbox 537 1077 587 1151; x_wconf 79' lang='grc' dir='ltr'>ἅτε</span> <span class='ocrx_word' id='word_1_86' title='bbox 603 1074 637 1137; x_wconf 78' lang='grc' dir='ltr'>οὗ</span> <span class='ocrx_word' id='word_1_87' title='bbox 653 1075 706 1156; x_wconf 82' lang='grc' dir='ltr'>νόῳ</span> <span class='ocrx_word' id='word_1_88' title='bbox 726 1076 833 1153; x_wconf 74' lang='grc' dir='ltr'>λαβών,</span> <span class='ocrx_word' id='word_1_89' title='bbox 848 1076 899 1137; x_wconf 76' lang='grc' dir='ltr'>οὐκ</span> 
     </span>
     <span class='ocr_line' id='line_1_13' title="bbox 94 1164 899 1243; baseline -0.005 -16"><span class='ocrx_word' id='word_1_90' title='bbox 94 1168 245 1243; x_wconf 82' lang='grc' dir='ltr'>ἐμέμνητο·</span> <span class='ocrx_word' id='word_1_91' title='bbox 279 1166 449 1243; x_wconf 88' lang='grc' dir='ltr'>Περίανδρος</span> <span class='ocrx_word' id='word_1_92' title='bbox 475 1165 505 1225; x_wconf 84' lang='grc' dir='ltr'>δέ</span> <span class='ocrx_word' id='word_1_93' title='bbox 532 1164 663 1241; x_wconf 77' lang='grc' dir='ltr'>οὐδεμίαν</span> <span class='ocrx_word' id='word_1_94' title='bbox 688 1164 818 1243; x_wconf 75' lang='grc' dir='ltr'>μηχανὴν</span> <span class='ocrx_word' id='word_1_95' title='bbox 843 1166 899 1242; x_wconf 82' lang='grc' dir='ltr'>ἔφη</span> 
     </span>
     <span class='ocr_line' id='line_1_14' title="bbox 95 1250 900 1332; baseline -0.004 -17"><span class='ocrx_word' id='word_1_96' title='bbox 95 1255 169 1315; x_wconf 78' lang='grc' dir='ltr'>εἶναι</span> <span class='ocrx_word' id='word_1_97' title='bbox 183 1254 224 1332; x_wconf 79' lang='grc' dir='ltr'>μὴ</span> <span class='ocrx_word' id='word_1_98' title='bbox 244 1253 277 1315; x_wconf 80' lang='grc' dir='ltr'>οὔ</span> <span class='ocrx_word' id='word_1_99' title='bbox 294 1262 351 1331; x_wconf 90' lang='grc' dir='ltr'>σφι</span> <span class='ocrx_word' id='word_1_100' title='bbox 369 1257 472 1314; x_wconf 81' lang='grc' dir='ltr'>ἐκεῖνον</span> <span class='ocrx_word' id='word_1_101' title='bbox 490 1252 648 1312; x_wconf 75' lang='grc' dir='ltr'>ὑποθέσθαι</span> <span class='ocrx_word' id='word_1_102' title='bbox 665 1276 703 1321; x_wconf 92' lang='grc' dir='ltr'>τι,</span> <span class='ocrx_word' id='word_1_103' title='bbox 721 1250 853 1329; x_wconf 77' lang='grc' dir='ltr'>ἐλιπάρεέ</span> <span class='ocrx_word' id='word_1_104' title='bbox 867 1277 900 1312; x_wconf 85' lang='grc' dir='ltr'>τε</span> 
     </span>
     <span class='ocr_line' id='line_1_15' title="bbox 95 1338 900 1421; baseline -0.005 -18"><span class='ocrx_word' id='word_1_105' title='bbox 95 1345 243 1421; x_wconf 80' lang='grc' dir='ltr'>ἱστορέων·</span> <span class='ocrx_word' id='word_1_106' title='bbox 264 1342 280 1403; x_wconf 83' lang='grc' dir='ltr'>ὁ</span> <span class='ocrx_word' id='word_1_107' title='bbox 293 1343 324 1402; x_wconf 79' lang='grc' dir='ltr'>δὲ</span> <span class='ocrx_word' id='word_1_108' title='bbox 336 1340 525 1419; x_wconf 81' lang='grc' dir='ltr'>α’ναμνησθεὶς</span> <span class='ocrx_word' id='word_1_109' title='bbox 539 1338 599 1398; x_wconf 87' lang='grc' dir='ltr'>εἶπε</span> <span class='ocrx_word' id='word_1_110' title='bbox 612 1338 764 1399; x_wconf 79' lang='grc' dir='ltr'>καὶτοῦτο·</span> <span class='ocrx_word' id='word_1_111' title='bbox 781 1340 900 1417; x_wconf 85' lang='grc' dir='ltr'>Περίαν-</span> 
     </span>
     <span class='ocr_line' id='line_1_16' title="bbox 95 1425 901 1510; baseline -0.006 -19"><span class='ocrx_word' id='word_1_112' title='bbox 95 1432 163 1508; x_wconf 85' lang='grc' dir='ltr'>δρας</span> <span class='ocrx_word' id='word_1_113' title='bbox 180 1432 210 1491; x_wconf 85' lang='grc' dir='ltr'>δέ</span> <span class='ocrx_word' id='word_1_114' title='bbox 228 1428 282 1510; x_wconf 81' lang='grc' dir='ltr'>νόῳ</span> <span class='ocrx_word' id='word_1_115' title='bbox 294 1430 396 1506; x_wconf 72' lang='grc' dir='ltr'>λαβών</span> <span class='ocrx_word' id='word_1_116' title='bbox 409 1429 455 1488; x_wconf 83' lang='grc' dir='ltr'>καὶ</span> <span class='ocrx_word' id='word_1_117' title='bbox 467 1431 551 1489; x_wconf 84' lang='grc' dir='ltr'>τοῦτο</span> <span class='ocrx_word' id='word_1_118' title='bbox 565 1428 611 1486; x_wconf 85' lang='grc' dir='ltr'>καὶ</span> <span class='ocrx_word' id='word_1_119' title='bbox 623 1425 753 1503; x_wconf 80' lang='grc' dir='ltr'>μαλακόν</span> <span class='ocrx_word' id='word_1_120' title='bbox 766 1426 901 1487; x_wconf 73' lang='grc' dir='ltr'>ἐνδιδόναι</span> 
     </span>
     <span class='ocr_line' id='line_1_17' title="bbox 93 1513 900 1596; baseline -0.005 -18"><span class='ocrx_word' id='word_1_121' title='bbox 93 1519 273 1595; x_wconf 86' lang='grc' dir='ltr'>βουλόμενος</span> <span class='ocrx_word' id='word_1_122' title='bbox 293 1517 379 1587; x_wconf 78' lang='grc' dir='ltr'>οὐδὲν,</span> <span class='ocrx_word' id='word_1_123' title='bbox 400 1514 421 1596; x_wconf 79' lang='grc' dir='ltr'><em>ᾗ</em></span> <span class='ocrx_word' id='word_1_124' title='bbox 441 1515 458 1576; x_wconf 84' lang='grc' dir='ltr'>ό</span> <span class='ocrx_word' id='word_1_125' title='bbox 479 1516 641 1585; x_wconf 84' lang='grc' dir='ltr'>ἐξελασθεὶς</span> <span class='ocrx_word' id='word_1_126' title='bbox 659 1513 706 1575; x_wconf 73' lang='grc' dir='ltr'>ὕπ’</span> <span class='ocrx_word' id='word_1_127' title='bbox 727 1514 812 1575; x_wconf 77' lang='grc' dir='ltr'>αὐτοῦ</span> <span class='ocrx_word' id='word_1_128' title='bbox 833 1518 900 1578; x_wconf 84' lang='grc' dir='ltr'>παῖς</span> 
     </span>
     <span class='ocr_line' id='line_1_18' title="bbox 95 1601 900 1685; baseline -0.004 -20"><span class='ocrx_word' id='word_1_129' title='bbox 95 1607 206 1665; x_wconf 88' lang='grc' dir='ltr'>δίαιταν</span> <span class='ocrx_word' id='word_1_130' title='bbox 220 1606 342 1665; x_wconf 87' lang='grc' dir='ltr'>ἐποιέετο</span> <span class='ocrx_word' id='word_1_131' title='bbox 357 1608 384 1668; x_wconf 86' lang='grc' dir='ltr'>ἐς</span> <span class='ocrx_word' id='word_1_132' title='bbox 396 1603 511 1668; x_wconf 83' lang='grc' dir='ltr'>τούτους</span> <span class='ocrx_word' id='word_1_133' title='bbox 524 1605 641 1681; x_wconf 90' lang='grc' dir='ltr'>πέμπων</span> <span class='ocrx_word' id='word_1_134' title='bbox 652 1601 783 1684; x_wconf 73' lang='grc' dir='ltr'>ἄγγελον,</span> <span class='ocrx_word' id='word_1_135' title='bbox 793 1602 900 1685; x_wconf 76' lang='grc' dir='ltr'>ἀπηγό-</span> 
     </span>
     <span class='ocr_line' id='line_1_19' title="bbox 93 1690 900 1772; baseline -0.002 -18"><span class='ocrx_word' id='word_1_136' title='bbox 93 1720 162 1772; x_wconf 85' lang='grc' dir='ltr'>ρευε</span> <span class='ocrx_word' id='word_1_137' title='bbox 177 1694 218 1772; x_wconf 80' lang='grc' dir='ltr'>μή</span> <span class='ocrx_word' id='word_1_138' title='bbox 233 1719 282 1770; x_wconf 88' lang='grc' dir='ltr'>μιν</span> <span class='ocrx_word' id='word_1_139' title='bbox 299 1692 430 1754; x_wconf 86' lang='grc' dir='ltr'>δέκεσθαι</span> <span class='ocrx_word' id='word_1_140' title='bbox 446 1693 570 1754; x_wconf 78' lang='grc' dir='ltr'>οἰκίοισι·</span> <span class='ocrx_word' id='word_1_141' title='bbox 591 1691 651 1753; x_wconf 84' lang='grc' dir='ltr'>ὄδέ</span> <span class='ocrx_word' id='word_1_142' title='bbox 664 1690 733 1755; x_wconf 86' lang='grc' dir='ltr'>ὅκως</span> <span class='ocrx_word' id='word_1_143' title='bbox 746 1690 900 1752; x_wconf 75' lang='grc' dir='ltr'>ἀπελαυνό-</span> 
     </span>
     <span class='ocr_line' id='line_1_20' title="bbox 94 1778 898 1861; baseline -0.004 -16"><span class='ocrx_word' id='word_1_144' title='bbox 94 1809 180 1861; x_wconf 85' lang='grc' dir='ltr'>μενος</span> <span class='ocrx_word' id='word_1_145' title='bbox 202 1784 280 1843; x_wconf 80' lang='grc' dir='ltr'>ἔλθοι</span> <span class='ocrx_word' id='word_1_146' title='bbox 294 1788 321 1846; x_wconf 84' lang='grc' dir='ltr'>ἐς</span> <span class='ocrx_word' id='word_1_147' title='bbox 334 1782 428 1858; x_wconf 76' lang='grc' dir='ltr'>ἄλλην</span> <span class='ocrx_word' id='word_1_148' title='bbox 441 1783 539 1858; x_wconf 84' lang='grc' dir='ltr'>οἰκίην,</span> <span class='ocrx_word' id='word_1_149' title='bbox 553 1779 717 1843; x_wconf 81' lang='grc' dir='ltr'>α’πελαόνετ’</span> <span class='ocrx_word' id='word_1_150' title='bbox 730 1778 765 1841; x_wconf 78' lang='grc' dir='ltr'>ἂν</span> <span class='ocrx_word' id='word_1_151' title='bbox 778 1782 825 1841; x_wconf 86' lang='grc' dir='ltr'>καὶ</span> <span class='ocrx_word' id='word_1_152' title='bbox 841 1780 898 1842; x_wconf 81' lang='grc' dir='ltr'>οἶπό</span> 
     </span>
     <span class='ocr_line' id='line_1_21' title="bbox 93 1869 900 1952; baseline -0.005 -19"><span class='ocrx_word' id='word_1_153' title='bbox 93 1872 208 1948; x_wconf 70' lang='grc' dir='ltr'>ταθΓης,</span> <span class='ocrx_word' id='word_1_154' title='bbox 226 1869 416 1952; x_wconf 86' lang='grc' dir='ltr'>(α’πειλέοντός</span> <span class='ocrx_word' id='word_1_155' title='bbox 431 1873 528 1930; x_wconf 83' lang='grc' dir='ltr'>τετοῦ</span> <span class='ocrx_word' id='word_1_156' title='bbox 547 1869 721 1947; x_wconf 80' lang='grc' dir='ltr'>Περιάνδρου</span> <span class='ocrx_word' id='word_1_157' title='bbox 733 1873 810 1930; x_wconf 82' lang='grc' dir='ltr'>τοῖσι</span> <span class='ocrx_word' id='word_1_158' title='bbox 823 1869 900 1940; x_wconf 80' lang='grc' dir='ltr'>δεξα·</span> 
     </span>
     <span class='ocr_line' id='line_1_22' title="bbox 93 1955 900 2039; baseline -0.005 -19"><span class='ocrx_word' id='word_1_159' title='bbox 93 1961 210 2038; x_wconf 88' lang='grc' dir='ltr'>μένοισι</span> <span class='ocrx_word' id='word_1_160' title='bbox 229 1959 275 2018; x_wconf 84' lang='grc' dir='ltr'>καὶ</span> <span class='ocrx_word' id='word_1_161' title='bbox 295 1958 417 2039; x_wconf 81' lang='grc' dir='ltr'>ἐξέργειν</span> <span class='ocrx_word' id='word_1_162' title='bbox 435 1957 619 2036; x_wconf 85' lang='grc' dir='ltr'>κελεόοντος,)</span> <span class='ocrx_word' id='word_1_163' title='bbox 634 1956 858 2034; x_wconf 77' lang='grc' dir='ltr'>ἀπελαυνόμενος</span> <span class='ocrx_word' id='word_1_164' title='bbox 876 1955 900 2016; x_wconf 77' lang='grc' dir='ltr'>δ’</span> 
     </span>
     <span class='ocr_line' id='line_1_23' title="bbox 94 2043 900 2125; baseline -0.006 -17"><span class='ocrx_word' id='word_1_165' title='bbox 94 2045 133 2108; x_wconf 78' lang='grc' dir='ltr'>ἂν</span> <span class='ocrx_word' id='word_1_166' title='bbox 144 2047 189 2124; x_wconf 81' lang='grc' dir='ltr'>ἤϊε</span> <span class='ocrx_word' id='word_1_167' title='bbox 203 2047 245 2107; x_wconf 89' lang='grc' dir='ltr'>ἐπ’</span> <span class='ocrx_word' id='word_1_168' title='bbox 260 2047 355 2125; x_wconf 78' lang='grc' dir='ltr'>ἑτέρην</span> <span class='ocrx_word' id='word_1_169' title='bbox 367 2049 423 2106; x_wconf 80' lang='grc' dir='ltr'>τῶν</span> <span class='ocrx_word' id='word_1_170' title='bbox 436 2046 559 2122; x_wconf 77' lang='grc' dir='ltr'>ἑταίρων·</span> <span class='ocrx_word' id='word_1_171' title='bbox 581 2047 608 2103; x_wconf 83' lang='grc' dir='ltr'>οἱ</span> <span class='ocrx_word' id='word_1_172' title='bbox 621 2045 650 2104; x_wconf 85' lang='grc' dir='ltr'>δέ</span> <span class='ocrx_word' id='word_1_173' title='bbox 663 2043 713 2103; x_wconf 83' lang='grc' dir='ltr'>ἅτε</span> <span class='ocrx_word' id='word_1_174' title='bbox 725 2043 900 2121; x_wconf 82' lang='grc' dir='ltr'>Περιάνδρου</span> 
     </span>
     <span class='ocr_line' id='line_1_24' title="bbox 95 2130 945 2210; baseline -0.008 -14"><span class='ocrx_word' id='word_1_175' title='bbox 95 2136 181 2197; x_wconf 87' lang='grc' dir='ltr'>ἐόντα</span> <span class='ocrx_word' id='word_1_176' title='bbox 193 2135 280 2196; x_wconf 86' lang='grc' dir='ltr'>παῖδα</span> <span class='ocrx_word' id='word_1_177' title='bbox 293 2135 391 2210; x_wconf 89' lang='grc' dir='ltr'>καίπερ</span> <span class='ocrx_word' id='word_1_178' title='bbox 404 2133 589 2209; x_wconf 87' lang='grc' dir='ltr'>δειμαίνοντες</span> <span class='ocrx_word' id='word_1_179' title='bbox 602 2130 676 2207; x_wconf 84' lang='grc' dir='ltr'>ὅμως</span> <span class='ocrx_word' id='word_1_180' title='bbox 686 2130 822 2191; x_wconf 86' lang='grc' dir='ltr'>ἐδέκοντο.</span> <span class='ocrx_word' id='word_1_181' title='bbox 851 2132 900 2190; x_wconf 85' lang='grc' dir='ltr'>Τέ-</span> <span class='ocrx_word' id='word_1_182' title='bbox 908 2134 945 2192; x_wconf 79' lang='grc'>52</span> 
     </span>
     <span class='ocr_line' id='line_1_25' title="bbox 94 2216 897 2300; baseline -0.007 -17"><span class='ocrx_word' id='word_1_183' title='bbox 94 2228 151 2288; x_wconf 88' lang='grc' dir='ltr'>λος</span> <span class='ocrx_word' id='word_1_184' title='bbox 170 2223 200 2282; x_wconf 83' lang='grc' dir='ltr'>δέ</span> <span class='ocrx_word' id='word_1_185' title='bbox 218 2223 234 2284; x_wconf 84' lang='grc' dir='ltr'>ὁ</span> <span class='ocrx_word' id='word_1_186' title='bbox 253 2221 423 2298; x_wconf 88' lang='grc' dir='ltr'>Περίανδρος</span> <span class='ocrx_word' id='word_1_187' title='bbox 444 2219 573 2300; x_wconf 86' lang='grc' dir='ltr'>κήρυγμα</span> <span class='ocrx_word' id='word_1_188' title='bbox 594 2217 757 2294; x_wconf 82' lang='grc' dir='ltr'>ἐποιήσατο,</span> <span class='ocrx_word' id='word_1_189' title='bbox 776 2217 807 2282; x_wconf 80' lang='grc' dir='ltr'>ὃς</span> <span class='ocrx_word' id='word_1_190' title='bbox 824 2216 897 2295; x_wconf 80' lang='grc' dir='ltr'>ἂνῆ</span> 
     </span>
     <span class='ocr_line' id='line_1_26' title="bbox 96 2303 901 2385; baseline -0.007 -14"><span class='ocrx_word' id='word_1_191' title='bbox 96 2311 214 2371; x_wconf 82' lang='grc' dir='ltr'>οἰκίοισι</span> <span class='ocrx_word' id='word_1_192' title='bbox 226 2309 395 2384; x_wconf 78' lang='grc' dir='ltr'>ὖποδέξηταί</span> <span class='ocrx_word' id='word_1_193' title='bbox 405 2332 454 2385; x_wconf 93' lang='grc' dir='ltr'>μιν</span> <span class='ocrx_word' id='word_1_194' title='bbox 466 2305 485 2382; x_wconf 82' lang='grc' dir='ltr'><em>ἢ</em></span> <span class='ocrx_word' id='word_1_195' title='bbox 498 2305 721 2385; x_wconf 78' lang='grc' dir='ltr'>προσδιαλεχθῇ,</span> <span class='ocrx_word' id='word_1_196' title='bbox 730 2303 792 2383; x_wconf 76' lang='grc' dir='ltr'>ίρήν</span> <span class='ocrx_word' id='word_1_197' title='bbox 800 2304 901 2382; x_wconf 82' lang='grc' dir='ltr'>ζημίην</span> 
     </span>
     <span class='ocr_line' id='line_1_27' title="bbox 95 2392 902 2478; baseline -0.009 -18"><span class='ocrx_word' id='word_1_198' title='bbox 95 2404 199 2460; x_wconf 83' lang='grc' dir='ltr'>τοῦτον</span> <span class='ocrx_word' id='word_1_199' title='bbox 211 2402 249 2478; x_wconf 80' lang='grc' dir='ltr'>τῷ</span> <span class='ocrx_word' id='word_1_200' title='bbox 260 2396 421 2456; x_wconf 88' lang='grc' dir='ltr'>Ἀπόλλωνι</span> <span class='ocrx_word' id='word_1_201' title='bbox 440 2393 576 2471; x_wconf 79' lang='grc' dir='ltr'>ὀφείλειν,</span> <span class='ocrx_word' id='word_1_202' title='bbox 590 2392 662 2469; x_wconf 82' lang='grc' dir='ltr'>ὅσην</span> <span class='ocrx_word' id='word_1_203' title='bbox 675 2393 708 2470; x_wconf 75' lang='grc' dir='ltr'>δή</span> <span class='ocrx_word' id='word_1_204' title='bbox 723 2392 811 2456; x_wconf 84' lang='grc' dir='ltr'>ε’ίπας·</span> <span class='ocrx_word' id='word_1_205' title='bbox 831 2393 902 2471; x_wconf 80' lang='grc' dir='ltr'>πρός</span> 
     </span>
     <span class='ocr_line' id='line_1_28' title="bbox 99 2481 901 2564; baseline -0.009 -16"><span class='ocrx_word' id='word_1_206' title='bbox 99 2488 138 2548; x_wconf 84' lang='grc' dir='ltr'>ὦν</span> <span class='ocrx_word' id='word_1_207' title='bbox 159 2487 193 2562; x_wconf 77' lang='grc' dir='ltr'>δή</span> <span class='ocrx_word' id='word_1_208' title='bbox 213 2489 297 2546; x_wconf 85' lang='grc' dir='ltr'>τοῦτο</span> <span class='ocrx_word' id='word_1_209' title='bbox 317 2483 350 2544; x_wconf 81' lang='grc' dir='ltr'>τό</span> <span class='ocrx_word' id='word_1_210' title='bbox 372 2482 509 2564; x_wconf 84' lang='grc' dir='ltr'>κήρυγμα,</span> <span class='ocrx_word' id='word_1_211' title='bbox 529 2481 593 2542; x_wconf 77' lang='grc' dir='ltr'>οὔτε</span> <span class='ocrx_word' id='word_1_212' title='bbox 612 2484 655 2546; x_wconf 87' lang='grc' dir='ltr'>τίς</span> <span class='ocrx_word' id='word_1_213' title='bbox 673 2485 700 2543; x_wconf 80' lang='grc' dir='ltr'>οἱ</span> <span class='ocrx_word' id='word_1_214' title='bbox 719 2481 901 2564; x_wconf 81' lang='grc' dir='ltr'>διαλέγεσθαι</span> 
     </span>
     <span class='ocr_line' id='line_1_29' title="bbox 98 2569 901 2647; baseline -0.004 -11"><span class='ocrx_word' id='word_1_215' title='bbox 98 2574 165 2636; x_wconf 76' lang='grc' dir='ltr'>οὔτε</span> <span class='ocrx_word' id='word_1_216' title='bbox 185 2575 297 2634; x_wconf 82' lang='grc' dir='ltr'>οἰκίοισι</span> <span class='ocrx_word' id='word_1_217' title='bbox 318 2572 448 2632; x_wconf 86' lang='grc' dir='ltr'>δέκεσθαι</span> <span class='ocrx_word' id='word_1_218' title='bbox 467 2569 563 2645; x_wconf 81' lang='grc' dir='ltr'>ἤθελε·</span> <span class='ocrx_word' id='word_1_219' title='bbox 589 2569 661 2647; x_wconf 82' lang='grc' dir='ltr'>πρός</span> <span class='ocrx_word' id='word_1_220' title='bbox 680 2571 717 2642; x_wconf 90' lang='grc' dir='ltr'>δέ,</span> <span class='ocrx_word' id='word_1_221' title='bbox 735 2569 798 2630; x_wconf 78' lang='grc' dir='ltr'>οὐδὲ</span> <span class='ocrx_word' id='word_1_222' title='bbox 818 2569 901 2634; x_wconf 72' lang='grc' dir='ltr'>αὐτός</span> 
     </span>
     <span class='ocr_line' id='line_1_30' title="bbox 98 2657 900 2736; baseline -0.011 -10"><span class='ocrx_word' id='word_1_223' title='bbox 98 2665 202 2727; x_wconf 81' lang='grc' dir='ltr'>ἐκεῖνος</span> <span class='ocrx_word' id='word_1_224' title='bbox 223 2661 340 2722; x_wconf 91' lang='grc' dir='ltr'>ἐδικαίευ</span> <span class='ocrx_word' id='word_1_225' title='bbox 360 2660 513 2736; x_wconf 81' lang='grc' dir='ltr'>πειρᾶσθαι</span> <span class='ocrx_word' id='word_1_226' title='bbox 532 2657 726 2736; x_wconf 75' lang='grc' dir='ltr'>ἀπειρημένου,</span> <span class='ocrx_word' id='word_1_227' title='bbox 746 2657 823 2717; x_wconf 80' lang='grc' dir='ltr'>α’λλοὶ</span> <span class='ocrx_word' id='word_1_228' title='bbox 844 2657 900 2717; x_wconf 89' lang='grc' dir='ltr'>δια-</span> 
     </span>
     <span class='ocr_line' id='line_1_31' title="bbox 98 2744 899 2830; baseline -0.009 -18"><span class='ocrx_word' id='word_1_229' title='bbox 98 2751 251 2830; x_wconf 87' lang='grc' dir='ltr'>καρτερέων</span> <span class='ocrx_word' id='word_1_230' title='bbox 272 2754 301 2810; x_wconf 85' lang='grc' dir='ltr'>ἐν</span> <span class='ocrx_word' id='word_1_231' title='bbox 319 2752 387 2828; x_wconf 80' lang='grc' dir='ltr'>τῇσι</span> <span class='ocrx_word' id='word_1_232' title='bbox 408 2751 513 2826; x_wconf 79' lang='grc' dir='ltr'>στοῇσι</span> <span class='ocrx_word' id='word_1_233' title='bbox 534 2747 716 2806; x_wconf 86' lang='grc' dir='ltr'>ἐκαλινδέετο·</span> <span class='ocrx_word' id='word_1_234' title='bbox 736 2744 899 2824; x_wconf 77' lang='grc' dir='ltr'>τετόρτῃδ</span> 
     </span>
     <span class='ocr_line' id='line_1_32' title="bbox 97 2831 901 2918; baseline -0.01 -19"><span class='ocrx_word' id='word_1_235' title='bbox 97 2840 190 2918; x_wconf 83' lang='grc' dir='ltr'>ἡμέρη</span> <span class='ocrx_word' id='word_1_236' title='bbox 210 2837 272 2899; x_wconf 79' lang='grc' dir='ltr'>ἰδιόν</span> <span class='ocrx_word' id='word_1_237' title='bbox 284 2859 333 2915; x_wconf 90' lang='grc' dir='ltr'>μιν</span> <span class='ocrx_word' id='word_1_238' title='bbox 346 2835 361 2896; x_wconf 85' lang='grc' dir='ltr'>ό</span> <span class='ocrx_word' id='word_1_239' title='bbox 380 2835 552 2914; x_wconf 88' lang='grc' dir='ltr'>Περίανδρος</span> <span class='ocrx_word' id='word_1_240' title='bbox 568 2832 726 2910; x_wconf 77' lang='grc' dir='ltr'>ἀλουσίῃσί</span> <span class='ocrx_word' id='word_1_241' title='bbox 735 2858 767 2893; x_wconf 87' lang='grc' dir='ltr'>τε</span> <span class='ocrx_word' id='word_1_242' title='bbox 781 2834 826 2891; x_wconf 88' lang='grc' dir='ltr'>καὶ</span> <span class='ocrx_word' id='word_1_243' title='bbox 838 2831 901 2892; x_wconf 88' lang='grc' dir='ltr'>α’σι·</span> 
     </span>
     <span class='ocr_line' id='line_1_33' title="bbox 97 2918 901 3006; baseline -0.012 -18"><span class='ocrx_word' id='word_1_244' title='bbox 97 2928 179 3006; x_wconf 82' lang='grc' dir='ltr'>τίησι</span> <span class='ocrx_word' id='word_1_245' title='bbox 199 2922 431 3002; x_wconf 88' lang='grc' dir='ltr'>συμπεπτωκότα,</span> <span class='ocrx_word' id='word_1_246' title='bbox 453 2923 579 2999; x_wconf 81' lang='grc' dir='ltr'>οἴκτειρε·</span> <span class='ocrx_word' id='word_1_247' title='bbox 605 2920 684 2983; x_wconf 80' lang='grc' dir='ltr'>ὖπεὶς</span> <span class='ocrx_word' id='word_1_248' title='bbox 704 2919 734 2978; x_wconf 84' lang='grc' dir='ltr'>δὲ</span> <span class='ocrx_word' id='word_1_249' title='bbox 748 2924 800 2995; x_wconf 73' lang='grc' dir='ltr'>τῆς</span> <span class='ocrx_word' id='word_1_250' title='bbox 815 2918 901 3001; x_wconf 74' lang='grc' dir='ltr'>ὀργῆς</span> 
     </span>
     <span class='ocr_line' id='line_1_34' title="bbox 99 3006 899 3092; baseline -0.011 -18"><span class='ocrx_word' id='word_1_251' title='bbox 99 3013 145 3091; x_wconf 84' lang='grc' dir='ltr'>ἤϊε</span> <span class='ocrx_word' id='word_1_252' title='bbox 165 3013 259 3074; x_wconf 81' lang='grc' dir='ltr'>ἆσσον</span> <span class='ocrx_word' id='word_1_253' title='bbox 275 3013 321 3072; x_wconf 83' lang='grc' dir='ltr'>καὶ</span> <span class='ocrx_word' id='word_1_254' title='bbox 338 3011 427 3092; x_wconf 82' lang='grc' dir='ltr'>ἔλεγε·</span> <span class='ocrx_word' id='word_1_255' title='bbox 448 3019 467 3046; x_wconf 87' lang='grc'><strong>“</strong></span> <span class='ocrx_word' id='word_1_256' title='bbox 475 3009 496 3069; x_wconf 83' lang='grc' dir='ltr'><strong><em>ὦ</em></strong></span> <span class='ocrx_word' id='word_1_257' title='bbox 511 3013 571 3078; x_wconf 83' lang='grc' dir='ltr'>παῖ,</span> <span class='ocrx_word' id='word_1_258' title='bbox 588 3007 689 3085; x_wconf 90' lang='grc' dir='ltr'>κότερα</span> <span class='ocrx_word' id='word_1_259' title='bbox 705 3006 809 3067; x_wconf 79' lang='grc' dir='ltr'>τούτων</span> <span class='ocrx_word' id='word_1_260' title='bbox 828 3010 899 3085; x_wconf 83' lang='grc' dir='ltr'>αἶρε-</span> 
     </span>
     <span class='ocr_line' id='line_1_35' title="bbox 99 3093 900 3179; baseline -0.012 -15"><span class='ocrx_word' id='word_1_261' title='bbox 99 3099 207 3179; x_wconf 82' lang='grc' dir='ltr'>τιίιτερό</span> <span class='ocrx_word' id='word_1_262' title='bbox 227 3107 297 3170; x_wconf 87' lang='grc' dir='ltr'>ἐστι,</span> <span class='ocrx_word' id='word_1_263' title='bbox 318 3103 407 3158; x_wconf 83' lang='grc' dir='ltr'>ταῦτα</span> <span class='ocrx_word' id='word_1_264' title='bbox 425 3097 462 3158; x_wconf 77' lang='grc' dir='ltr'>τὰ</span> <span class='ocrx_word' id='word_1_265' title='bbox 481 3100 530 3158; x_wconf 81' lang='grc' dir='ltr'>νῦν</span> <span class='ocrx_word' id='word_1_266' title='bbox 551 3098 621 3175; x_wconf 86' lang='grc' dir='ltr'>ἔχων</span> <span class='ocrx_word' id='word_1_267' title='bbox 639 3095 789 3172; x_wconf 82' lang='grc' dir='ltr'>πρήσσεις,</span> <span class='ocrx_word' id='word_1_268' title='bbox 809 3093 828 3168; x_wconf 83' lang='grc' dir='ltr'>ἢ</span> <span class='ocrx_word' id='word_1_269' title='bbox 847 3095 900 3169; x_wconf 78' lang='grc' dir='ltr'>τήν</span> 
     </span>
     <span class='ocr_line' id='line_1_36' title="bbox 99 3180 902 3268; baseline -0.015 -16"><span class='ocrx_word' id='word_1_270' title='bbox 99 3189 249 3268; x_wconf 79' lang='grc' dir='ltr'>τυραννιδα</span> <span class='ocrx_word' id='word_1_271' title='bbox 277 3186 324 3247; x_wconf 86' lang='grc' dir='ltr'>καὶ</span> <span class='ocrx_word' id='word_1_272' title='bbox 354 3185 446 3267; x_wconf 73' lang='grc' dir='ltr'>ἀγαθὰ</span> <span class='ocrx_word' id='word_1_273' title='bbox 473 3184 509 3244; x_wconf 86' lang='grc' dir='ltr'>τοὶ</span> <span class='ocrx_word' id='word_1_274' title='bbox 531 3187 581 3244; x_wconf 82' lang='grc' dir='ltr'>νῦν</span> <span class='ocrx_word' id='word_1_275' title='bbox 607 3183 661 3264; x_wconf 73' lang='grc' dir='ltr'>ἐγώ</span> <span class='ocrx_word' id='word_1_276' title='bbox 687 3185 749 3261; x_wconf 83' lang='grc' dir='ltr'>ἔχω,</span> <span class='ocrx_word' id='word_1_277' title='bbox 782 3180 902 3264; x_wconf 70' lang='grc' dir='ltr'>[ταῦτα]</span> 
     </span>
     <span class='ocr_line' id='line_1_37' title="bbox 100 3266 904 3355; baseline -0.014 -18"><span class='ocrx_word' id='word_1_278' title='bbox 100 3276 184 3337; x_wconf 89' lang='grc' dir='ltr'>ἐόντα</span> <span class='ocrx_word' id='word_1_279' title='bbox 203 3280 242 3355; x_wconf 81' lang='grc' dir='ltr'>τῷ</span> <span class='ocrx_word' id='word_1_280' title='bbox 260 3273 345 3351; x_wconf 83' lang='grc' dir='ltr'>πατρὶ</span> <span class='ocrx_word' id='word_1_281' title='bbox 366 3274 510 3350; x_wconf 85' lang='grc' dir='ltr'>ἐπιτήδεον</span> <span class='ocrx_word' id='word_1_282' title='bbox 529 3269 777 3347; x_wconf 71' lang='grc' dir='ltr'>παραλαμβάνεινς</span> <span class='ocrx_word' id='word_1_283' title='bbox 801 3268 832 3332; x_wconf 80' lang='grc' dir='ltr'>ὃς</span> <span class='ocrx_word' id='word_1_284' title='bbox 852 3266 904 3327; x_wconf 75' lang='grc' dir='ltr'>εἰδν</span> 
     </span>
    </p>
   </div>
   <div class='ocr_carea' id='block_1_2' title="bbox 0 0 1083 3500">
    <p class='ocr_par' dir='ltr' id='par_1_2' title="bbox 0 0 1083 3500">
     <span class='ocr_line' id='line_1_38' title="bbox 0 0 1083 3500; baseline 0 0"><span class='ocrx_word' id='word_1_285' title='bbox 0 0 1083 3500; x_wconf 95' lang='lat' dir='ltr'> </span> 
     </span>
    </p>
   </div>
  </div>
 </body>
</html>
