2150 3500
130 59 174 108 viii
477 51 638 104 oaorem.

123 202 218 256 ,prope
234 185 352 255 'l'yanam
372 181 462 251 (hodie
481 177 618 251 Damam),
636 181 712 237 unde
728 182 823 252 paucis
840 183 1023 244 itineribus

131 278 167 332 ad
179 279 274 346 portas
285 275 394 330 Ciliciae
405 273 574 344 pervenitur.
600 273 627 326 N
628 289 664 326 on
676 273 730 327 alia
737 273 783 327 via
793 290 878 327 usum
889 275 1019 343 Cyrum

125 369 266 439 juniorem
283 379 359 422 'cum
375 358 615 434 'Mesopotamiam
644 365 787 420 invaderet
816 369 924 420 auctor
960 370 1018 422 est

133 463 302 532 Xenophon;
328 460 527 540 mercatoribus
553 463 655 529 autem,
679 460 733 514 nisi
761 459 862 530 quibua
890 461 1039 549 Tarans¹

131 557 194 611 finis
206 556 312 610 itineris
324 559 405 625 esset,
414 555 512 610 eadem
523 571 621 626 parum
633 557 765 624 usurpata
775 554 900 610 videtur.
944 556 1010 621 Qui

133 651 222 706 Tauro
236 637 352 704 adterius
367 650 497 720 progredi
511 651 540 704 in
552 649 642 705 animo
656 649 804 720 habebant,
816 651 836 704 ii
845 649 914 720 jam
929 651 1009 706 inde

132 727 170 800 ab¹
190 745 299 800 Holmis
311 743 368 815 (qui
385 745 461 800 loeus
477 739 511 798 inv
525 745 661 815 Phrygiae
677 745 867 801 Paroreatidis
888 745 1006 799 finibus

132 838 184 904 est)
204 837 315 907 paulum
333 836 370 891 ad
394 837 615 906 Septentrionem
637 854 734 892 versus
756 839 812 894 iter
831 837 1003 893 devertisse

131 929 268 999 ridentur,
296 947 350 998 quo
377 933 465 1000 paeto,
493 929 628 1000 Lycaonia
652 930 884 1001 Cappadociaque
910 947 999 999 pera

132 1025 226 1094 gratis,
247 1025 361 1080 tandem
384 1025 554 1095 Euphratem
573 1023 686 1080 flauum
706 1041 792 1156 prope
812 1025 996 1081 Samosatam

132 1117 316 1188 trajiciebant.
567 1156 570 1161 -

186 1209 263 1274 Quae
282 1208 317 1264 de
334 1209 460 1278 Scythiae
480 1211 575 1266 ineolis
592 1212 689 1266 narrat
706 1147 819 1279 Noster,
835 1226 870 1264 ea
889 1210 970 1266 vel
960 1229 991 1264 m

134 1300 222 1370 Olbia,
241 1303 292 1372 vel,
312 1303 387 1372 quod
406 1304 501 1374 potius
520 1304 743 1373 crediderimus
764 1305 862 1373 (tyaioo
886 1305 989 1360 audire

132 1395 229 1464 potuit.
260 1395 476 1467 Longinquiores
487 1398 621 1466 regiones,
633 1397 749 1467 quales'
740 1413 770 1451 ιιι
783 1402 882 1467 quarto
893 1398 988 1468 operis

133 1487 203 1541 libro
228 1488 364 1553 describit,
383 1489 473 1558 ipsum
496 1489 701 1558 risisse-nemo
720 1493 870 1546 earundem
894 1494 985 1547 sciens

133 1582 312 1651 contenderit,
331 1581 384 1636 nisi
405 1581 452 1652 qui
469 1581 560 1656 iidem
583 1583 681 1652 optimi
704 1585 848 1652 scriptoris
872 1585 984 1654 penitus

134 1673 299 1729 labefactare
316 1674 416 1740 cupiat.
