2150 3500
91 138 236 204 ιιι-ιιι]
415 142 579 192 mmm.
847 149 895 203 ιω

87 217 186 279 σίοισί
194 243 226 277 τε
244 218 291 278 καὶ
307 219 517 296 τεσσεράκοντα
537 221 636 302 ἔλεγον
650 218 714 281 θεόν
728 219 894 300 ἀνθρωποει-

88 305 141 364 δέα
153 304 253 365 ούδένα
265 305 406 386 γενέσθαι·
428 304 461 366 οῦ
478 307 575 382 μέντοι
595 306 658 366 οῦδὲ
675 307 818 385 πρότερον,
833 308 896 369 οὐδὲ

86 390 210 470 ὕστερον
229 397 259 452 ἐν
278 396 355 452 τοῖσι
372 393 557 454 ὑπολοίποισι
575 394 720 475 Αἰγύπτου
736 396 895 471 βασιλεῦσι

86 481 274 560 γενομένοισι,
289 481 387 561 ἔλεγον
399 484 526 541 τοιοῦτον
540 481 628 541 οὐδέν.
660 487 689 541 ἐν
701 482 793 542 τοίνυν
805 482 894 564 τούτῳ

86 571 128 646 τῷ
138 567 231 647 χρόνῳ
242 566 368 645 τετράκις
382 568 480 649 ἔλεγον
493 568 525 638 ἐξ
536 568 625 644 ἠθέων
635 568 686 629 τόν
697 568 779 645 ἥλιον
789 568 894 631 ἀνατεῖ-

87 657 140 714 λαι
153 656 232 734 (ἔνθα
244 681 275 714 τε
288 659 337 716 νῦν
350 655 514 716 καταδύεται
532 657 658 717 ἐνθεῦτεν
670 657 712 720 δὶς
726 661 894 730 ἐπαντεῖλαι,

88 743 137 801 καὶ
150 743 227 803 ἔνθεν
240 747 290 804 νῦν
303 742 453 804 ἀνατέλλει
468 744 587 804 ἐνθαῦτα
601 744 641 808 δὶς
655 745 827 826 καταδῦναι·)
848 747 895 806 καὶ

86 829 171 891 οῦδὲν
188 835 245 891 τεῦν
265 829 324 890 κατ’
344 831 488 913 Αἴγυπτον
507 830 563 892 ῦπό
583 836 672 893 ταῦτα
693 825 893 910 ἑτεροιωθῆναι,

86 915 154 978 οῦτε
171 917 208 979 ταί
227 920 259 978 ἐκ
277 921 330 995 τῆς
348 923 403 1000 γῆς
423 916 488 979 οῦτε
506 918 544 979 τά
565 924 596 980 ἐκ
615 924 666 980 τοῦ
687 925 816 998 ποταμοῦ
836 927 894 998 σφι

83 1005 223 1086 γινόμενα
242 1005 307 1066 οὔτε
325 1007 361 1068 τοὶ
373 1005 450 1084 ἀμφὶ
470 1006 588 1072 νούσους
608 1005 672 1070 οὔτε
691 1007 727 1068 τά
745 1007 815 1068 κατά
830 1009 895 1073 τοῦς

85 1092 235 1158 θανάτους.
275 1093 422 1172 Πρότερον
437 1093 468 1154 δὲ
479 1093 617 1175 Ἑκαταίῳ
634 1100 673 1174 τῷ
689 1099 831 1176 λογοποιῷ
845 1102 873 1157 ἑν
883 1099 941 1158 143

84 1179 208 1261 Θήβῃσι
226 1181 469 1263 γενεηλογήσαντί
485 1207 518 1242 τε
537 1182 639 1243 ἑωυτόν
656 1182 703 1242 καὶ
723 1181 894 1259 ἀναδήσαντι

83 1267 141 1344 τήν
154 1268 275 1348 πατριὴν
288 1274 317 1334 ές
334 1268 526 1344 ἑκκαιδέκατον
542 1269 614 1341 θεόν,
634 1267 771 1344 ε’ποιήσαν
784 1273 811 1329 οἱ
825 1271 894 1347 ἱρέες

83 1360 139 1416 τοῦ
153 1355 222 1420 Διός
235 1355 294 1418 οἶόν
306 1382 335 1418 τι
352 1358 399 1417 καὶ
417 1357 480 1434 ἐμοὶ
497 1356 530 1417 ού
543 1355 782 1439 γενεηλογήσαντι
796 1361 893 1434 ε’μεωυ·

83 1442 149 1505 τόν·
176 1443 364 1527 ἐσαγαγόντες
383 1449 412 1510 ἐς
427 1444 461 1505 τό
479 1445 604 1527 μέγαρον
617 1446 680 1516 έσω,
691 1443 742 1505 -έάν
754 1445 836 1526 μέγα,
850 1445 891 1515 ε’ξ·

83 1532 223 1609 ηρίθμεον
240 1532 392 1598 δεικνύντες
413 1532 574 1597 κολοσσούς
593 1533 721 1604 ξυλίνους
738 1531 892 1597 τοσούτους

84 1618 175 1684 ὅσους
199 1645 253 1698 περ
279 1619 368 1682 εἶπον·
409 1619 540 1701 ἀρχιρεῦς
565 1611 628 1702 γάρ’
652 1621 769 1683 ἕκαστος
795 1619 893 1682 αῦτόθι

85 1707 203 1769 ἵσταται
216 1709 262 1769 ἐπὶ
273 1713 325 1786 τῆς
337 1711 439 1770 ἑωυτοῦ
454 1709 519 1787 ζόης
537 1708 630 1771 εἰκόνα
649 1712 759 1770 ἑωυτοῦ·
780 1707 892 1787 ἀριθμέ-

84 1820 167 1861 οντες
184 1796 223 1858 ὧν
239 1796 287 1857 καὶ
302 1797 453 1862 δεικνύντες
469 1801 496 1857 οἱ
515 1792 585 1876 ἱρέες
604 1798 678 1877 ε’μοί,Ι
692 1797 893 1857 ἀπεδείκνυσαν

83 1884 178 1944 παῖδα
188 1884 296 1962 πατρός
309 1889 413 1946 ἑωυτῶν
426 1886 545 1947 ἕκαστον
558 1884 647 1957 ε’όντα,
663 1891 693 1945 ἑκ
705 1887 755 1945 τοῦ
768 1883 893 1965 ἄγχιστα

83 1970 278 2050 ἀποθανόντος
297 1977 349 2049 τῆς
368 1971 472 2037 εἰκόνος
488 1972 634 2043 διεξιόντες
650 1972 695 2031 διαὶ
715 1973 828 2031 πασέων
842 1972 891 2035 ἕως

84 2057 122 2120 οῦ
142 2058 288 2131 ἀπέδεξαν
299 2060 414 2125 άπάσας
433 2059 528 2125 αὐτάς·
555 2059 692 2139 Ἑκαταίῳ
713 2058 743 2117 δὲ
762 2062 892 2140 γενεηλο-

82 2147 210 2229 γήσαντι
242 2147 342 2210 ἑωυτόν
372 2148 419 2207 καὶ
447 2147 619 2224 ἀναδήσαντι
646 2151 674 2209 ές
701 2140 892 2207 ἑκκαιδέκατον

84 2235 163 2308 θεόν,
181 2234 455 2319 ἀντεγενεηλόγησαν
473 2235 520 2295 ἐπὶ
539 2239 576 2313 τῇ
596 2232 749 2311 ἀριθμήσει
768 2232 800 2293 ού
816 2233 891 2295 δεκό-

82 2349 168 2401 μενοι
191 2324 257 2403 παρ’
284 2323 369 2385 αύτοῦ
396 2322 453 2384 ἀπό
479 2324 555 2383 θεοῦ
574 2323 707 2404 γενέσθαι
736 2319 890 2399 ἄνθρωπον·
920 2322 922 2326 ’

84 2410 362 2494 ἀντεγενεηλόγησαν
390 2410 421 2471 δὲ
450 2408 509 2485 ὧδε,
539 2410 660 2488 φάμενοι
690 2410 809 2472 ἕκαστον
835 2414 891 2473 τιῦν

85 2504 239 2561 κολοσσῶν
265 2500 394 2577 Πίρωμιν
420 2504 451 2559 ἔκ
478 2498 622 2577 Πιρύμιος
648 2500 800 2582 γεγονέναι,
824 2500 852 2563 ές
873 2498 891 2561 ό

85 2587 154 2651 τοῦς
171 2588 254 2648 πέντε
271 2588 318 2647 καὶ
334 2586 545 2666 τεσσεράκοντα
564 2581 807 2666 καὶτριηκόσιόυς
824 2585 890 2648 ἀπέ-

84 2674 168 2745 δεξαν
189 2674 350 2739 κολοσσοῦς
369 2675 498 2752 Πίρωμιν
517 2680 549 2735 ἑκ
570 2676 713 2754 Πιράμιος
732 2675 889 2758 γενόμενον,

85 2763 134 2821 καί
159 2760 223 2824 οῦτε
248 2768 277 2827 ἐς
296 2761 362 2823 θεόν
384 2760 448 2824 οῦτε
469 2768 497 2826 ἐς
517 2761 595 2840 ἥρωα
621 2763 760 2839 ἀνέδησαν
781 2761 889 2826 αύτούς·

85 2851 214 2929 Πίρωμις
243 2850 275 2911 δέ
303 2856 365 2911 ε’στι
393 2848 453 2929 κατ’
478 2849 607 2910 Ἐλλάδα
635 2854 774 2931 γλῶσσαν
803 2848 891 2912 καλός

16 2944 20 2952 ’
84 2936 218 3019 κάγαθός.
239 2936 317 3015 Ἤδη
338 2937 377 2998 ὧν
394 2942 450 2999 τῦν
470 2940 501 2997 αἱ
520 2938 622 3002 εἰκόνες
638 2936 713 3013 ἦσαν
730 2935 936 2999 τοιούτους144

83 3024 287 3087 ἀπεδείκνυσάν
300 3031 394 3102 σφεας
407 3025 514 3090 πάντας
532 3024 636 3095 ἐόντας,
651 3024 720 3085 θεῶν
736 3024 766 3083 δὲ
779 3022 890 3083 πολλόν

83 3111 331 3193 ἀπαλλαγμένους·
351 3113 385 3173 τό
398 3112 428 3172 δὲ
443 3111 581 3190 πρότερον
593 3115 649 3172 τιῦν
667 3109 771 3189 ἀνδρῶν
782 3108 888 3170 τούτων

83 3199 166 3264 θεοῦς
191 3201 262 3261 εἶναι
282 3198 349 3263 τοῦς
372 3204 402 3260 έν
422 3198 556 3281 Αἰγύπτῳ
583 3197 728 3277 ἄρχοντας,
750 3196 889 3261 οἰκέοντας

84 3284 147 3365 ἅμα
165 3289 245 3347 τοῖσι
269 3284 453 3365 ἀνθράποισι·
487 3285 535 3343 καὶ
558 3285 663 3346 τούτων
688 3282 743 3346 αἰεὶ
766 3284 814 3345 ἕνα
838 3282 890 3345 τόν
