2150 3500
85 122 228 188 ιιι-ται]
423 125 560 177 emm.
840 123 888 175 ιιι

84 202 118 263 δέ
138 205 166 263 οἱ
187 201 336 279 ήπείλησε,
356 202 392 280 ἣν
413 207 471 267 σῶς
497 202 682 283 ἀπονοστήσῃ
705 203 819 264 πολλάν
840 229 891 279 μιν

84 289 188 369 χρόνον
201 290 431 370 παρθενεύεσθαι·
450 290 469 366 ή
483 290 513 351 δὲ
525 290 655 367 ἠρήσατο
663 292 793 351 ἐπιτελέα
801 296 891 352 ταῦτα

84 379 227 459 γενέσθαι·
248 378 409 455 βούλεσθαι
425 378 480 460 γάρ
497 377 722 455 παρθενεύεσθαι
733 380 811 438 πλέω
823 378 889 458 χρό-

85 491 135 527 νον
155 463 175 541 ἢ
195 469 246 525 τοῦ
272 464 379 543 πατρός
404 466 586 541 ἐστερῆσθαι.
627 465 814 543 Πολυκράτης
839 466 936 528 δέ125

85 552 181 629 πάσης
194 554 374 630 συμβουλίης
386 552 542 634 ἀλογήσας,
553 554 636 613 ἔπλεε
648 552 726 631 ταρά
736 552 786 614 τάν
798 552 890 632 Ὀροί·

85 666 136 701 τεα
153 640 212 718 ἅμα
231 639 366 721 ἀγάμενος
385 640 492 705 ἀλλους
509 666 541 701 τε
557 638 684 703 πολλούς
700 644 757 701 τῶν
773 642 887 718 ἑταίρων

86 731 116 788 ἐν
133 727 163 787 δὲ
179 727 213 804 δή
231 728 277 787 καὶ
296 728 465 805 Δημοκήδεα
480 728 531 790 τάν
545 731 762 805 Καλλιφῶντος,
776 734 890 805 Κροτω-

86 815 192 891 νιήτην,
206 814 293 894 ἀνδρα
312 816 407 894 ἰητρόν
420 842 451 876 τε
470 816 552 879 ἐόντα
568 816 614 876 καὶ
626 817 680 892 τήν
691 816 793 895 τέχνην
805 816 888 878 ἀσκέ-

86 928 155 963 οντα
168 902 271 980 ἄριστα
287 907 344 965 τῶν
357 902 417 964 κατ’
431 903 541 965 ἑωυτόν.
575 903 742 982 ἀπικόμενος
755 905 785 964 δέ
798 909 827 969 ἐς
837 905 891 982 τήν

86 991 297 1072 Μαγνησίηνά
324 990 511 1070 Πολυκράτης
537 992 677 1069 διεφθάρη
703 996 801 1064 κακῶς,
825 992 890 1055 ούτε

86 1082 190 1141 ἑωυτοῦ
202 1079 285 1149 ἀξίως
298 1079 362 1141 οὔτε
374 1084 430 1141 τῶν
443 1083 545 1141 ἑαυτοῦ
558 1080 755 1158 φρονημάτων·
775 1081 889 1163 ὅτιγὰρ

85 1166 128 1243 μή
142 1171 169 1227 οἱ
185 1168 363 1245 Συρηκοσίων
379 1167 525 1250 γενόμενοι
541 1168 681 1246 τύραννοι,
695 1166 758 1229 ούδέ
777 1169 817 1233 εἷς
835 1174 891 1232 τῶν

86 1252 184 1315 ἀλλων
201 1254 376 1332 Ἑλληνικῶν
390 1255 529 1343 τυράννων
544 1254 622 1325 άξιύς
637 1260 699 1315 ἐστι
712 1256 894 1334 Πολυκράτεϊ-

86 1344 331 1423 μεγολοπρεπείην
354 1343 569 1420 συμβληθῆναι.
602 1340 768 1407 ἀποκτείνας
788 1344 820 1403 δέ
840 1369 890 1420 μιν

87 1428 139 1489 ούκ
153 1429 234 1500 ἀξίως
244 1429 404 1511 ἀπηγήσιος
415 1430 554 1508 Ὀροίτης,
568 1428 774 1507 ἀνεσταύρωσε·
793 1434 848 1491 τῶν
860 1431 892 1491 δέ

88 1520 117 1577 οἱ
137 1519 278 1595 ἑπομένων
296 1519 362 1579 ὅσοι
376 1520 428 1595 μὲν
443 1517 519 1592 ἦσαν
540 1517 643 1595 Σάμιοι
657 1517 758 1593 ἀπῆκε,
767 1517 890 1579 ’κελεύων

88 1606 183 1681 σφέας
201 1610 291 1684 ἑωυτῷ
305 1605 390 1686 χάριν
406 1605 506 1666 εἰδέναι
521 1605 619 1670 ἐόντας
634 1606 805 1684 ἐλευθέρους·
825 1604 892 1667 ὅσοι

87 1692 120 1753 δὲ
133 1692 208 1769 ἦσαν
220 1694 307 1764 ξεῖνοί
316 1718 348 1753 τε
362 1692 408 1754 καὶ
421 1692 519 1755 δοῦλοι
530 1697 588 1756 τῶν
600 1694 741 1773 ἑπομένων
754 1692 890 1773 ε’νάνδρα·

86 1781 181 1846 πάδων
197 1782 274 1863 λύγῳ
291 1782 454 1860 ποιεύμενος
474 1783 543 1863 εἶχε·
567 1783 752 1862 Πολυκράτης
772 1784 803 1844 δὲ
824 1782 890 1844 ἀνα-

88 1869 268 1948 κρεμάμενος,
283 1871 411 1931 ἐπετέλεε
429 1873 526 1931 πᾶσαν
538 1870 591 1946 τήν
602 1869 669 1949 ὄψιν
680 1875 731 1947 τῆς
744 1871 889 1952 θυγατρός·

87 1961 190 2018 ἐλοῦτο
209 1961 261 2036 μὲν
276 1956 333 2038 γάρ
353 1957 413 2042 ύττδ
429 1961 480 2018 τοΰ
501 1959 570 2022 Διάς
586 1958 655 2022 ὅκως
670 1958 723 2028 ὕοι,
736 1960 845 2037 ἐχρίετο
857 1959 889 2020 δέ

86 2045 144 2106 ὖπὸ
160 2050 211 2107 τοῦ
226 2045 310 2122 ήλίου
327 2044 411 2110 ἀνιεὶς
429 2045 512 2110 αύτδς
525 2051 557 2106 ἐκ
569 2049 620 2106 τοῦ
633 2045 765 2123 σώματος
778 2046 889 2123 ἰκμάδα.

87 2132 286 2212 Πολυκράτεος
305 2136 358 2211 μὲν
378 2132 413 2210 δὴ
435 2135 465 2192 αἱ
484 2132 593 2193 πολλοὶ
616 2131 741 2212 εὐτυχίαι
758 2137 787 2196 ἐς
805 2137 890 2196 τοῦτο

87 2221 283 2298 ἐτελεύτησαν,
298 2225 335 2300 τῇ
355 2223 383 2284 οί
397 2220 524 2298 Ἄμασις
543 2219 561 2281 ὁ
581 2218 727 2303 Αἰγύπτου
749 2220 890 2296 βασιλεύς

86 2309 344 2387 προεμαντεύσατο.

129 2396 228 2478 Χρόνῳ
242 2398 272 2458 δέ
285 2397 317 2458 ού
329 2400 430 2476 πολλῷ
441 2395 561 2475 ὕστερον
573 2397 620 2457 καὶ
630 2395 761 2475 Ὀροίτεα
773 2399 937 2459 Hom-126

88 2485 205 2562 κράτεος
218 2486 306 2550 τίσιες
320 2487 472 2562 μετῆλθον.
504 2485 578 2562 μετά
591 2484 646 2566 γάρ
657 2484 709 2547 τὸν
725 2486 891 2564 Καμβύσεω

87 2572 210 2634 θάνατον
227 2574 275 2633 καὶ
293 2578 350 2636 τῶν
370 2573 478 2655 Μάγων
494 2573 548 2649 τήν
566 2575 734 2651 βασιληίην,
750 2575 841 2650 μένων
859 2579 891 2636 ἐν

86 2664 157 2739 τῇσι
178 2659 297 2739 Σάρδισι
316 2660 445 2739 Ὀροίτης
466 2659 573 2737 ῶφέλει
593 2665 645 2740 μὲν
665 2661 745 2722 οὐδὲν
765 2662 890 2739 Πέρσας,

85 2747 144 2808 find
158 2748 263 2825 Μήδων
272 2749 513 2827 ἀπαραιρημένους
524 2748 578 2825 τήν
587 2748 688 2828 ἀρχήν·
702 2748 757 2808 ὅδὲ
765 2754 795 2809 ἐν
802 2748 890 2827 ταύτῃ

85 2840 125 2913 τῇ
147 2839 258 2915 ταραχῇ
281 2837 352 2896 κατά
374 2838 426 2913 μὲν
450 2837 551 2897 ἐκτεινε
576 2834 766 2913 Μιτροβάτεα
785 2835 836 2896 τάν
859 2839 891 2896 ἐκ

87 2924 269 2984 Δασκυλείου
290 2922 425 3003 ὕπαρχον,
443 2922 475 2987 ὅς
494 2925 521 2984 οἱ
543 2921 668 2984 ῶνείδισε
687 2921 724 2982 τά
745 2926 773 2986 ἐς
794 2925 889 2982 Πολυ-

87 3009 192 3086 κράτεα
208 3011 315 3090 ἔχοντα,
331 3010 401 3072 κατά
417 3011 447 3071 δὲ
463 3015 514 3072 τοῦ
532 3009 723 3088 Μιτροβάτεω
738 3008 789 3070 τάν
803 3008 890 3068 παῖδα

86 3097 275 3175 Κρανάσπην,
293 3097 395 3176 ἄνδρας
412 3103 442 3158 ἐν
458 3099 593 3176 Πέρσησι
610 3098 748 3175 δοκίμους,
763 3095 840 3156 ἀλλα
859 3120 891 3155 τε

86 3185 225 3262 ἐξύβρισε
240 3190 370 3247 παντοῖα·
391 3187 440 3245 καί
454 3211 516 3246 τινα
532 3184 688 3267 ἀγγαρήῖον
706 3185 827 3262 Δαρείου
844 3186 890 3244 ἐλ-

85 3271 176 3335 θόντα
187 3272 254 3352 παρ’
262 3273 355 3346 αύτὸν,
364 3271 401 3338 ῶς
412 3270 446 3336 ού
458 3272 529 3351 τρδς
541 3272 645 3350 ήδονήν
654 3276 683 3334 οἱ
694 3271 776 3350 ἦντά
787 3271 890 3356 drym-
