2150 3500
90 121 93 124 ’
160 137 267 202 12-16]
511 140 622 191 Κκαιο.
942 150 958 198 ⁷

154 215 329 295 χρηστήριον
349 218 395 278 καὶ
415 218 605 294 ἐβασίλευσεν
625 218 697 280 οὕτω
719 218 821 302 Γύγης·
840 218 959 281 τοσόνδε

153 304 251 380 μέντοι
268 304 328 364 εἶπε
343 304 363 382 η’
381 306 483 382 Πυθίη,
499 305 534 369 ὦς
549 306 754 384 Ἡρακλείδῃσι
765 307 839 369 τίσις
854 305 915 383 ἥξει
931 312 960 372 ἐς

152 391 206 452 τόν
228 392 357 470 πέμπτον
380 391 521 474 άτόγονον
544 393 649 474 Γύγεω.
689 391 789 453 τούτου
808 389 959 460 τοΰέπεος

153 479 246 538 λυδοί
258 505 290 540 τε
308 480 355 540 καὶ
373 483 400 541 οἱ
417 481 555 557 βασιλέες
568 480 657 540 αὐτῶν
671 480 759 561 λόγον
772 480 870 541 ούδένα
884 486 958 543 ἐποι·

152 568 245 650 Ιεύντο,
259 567 326 644 πρὶν
338 567 372 643 δὴ
386 568 570 645 ἐπετελέσθη.

194 654 255 731 Τῆν
269 657 321 732 μὲν
338 655 372 731 δὴ
385 655 533 732 τυραννίδα
550 655 621 716 οὕτω
638 657 724 736 ἔσχον
737 659 764 717 οἱ
781 657 954 735 Μερμνάδαι,
966 661 1003 718 14

152 741 220 806 τούς
232 742 417 820 Ἡρακλείδας
429 742 609 821 ἀπελόμενοι·
626 744 718 825 Γύγης
731 743 761 803 δέ
772 745 958 822 τυραννεύσας

153 828 303 909 α’πέπεμψε
321 829 487 908 ἀναθήματα
505 835 533 895 ἐς
552 831 686 908 Δελφούς
705 831 755 891 οὐκ
775 830 869 914 ὀλίγα·
890 832 956 892 άλλ’

153 915 211 977 ὅσα
223 920 276 996 μὲν
285 916 406 1000 ἀργύρου
420 917 587 997 ἀναθήματα
597 919 659 979 ἔστι
672 922 699 978 οἶ
711 921 835 979 πλεῖστα
845 925 874 979 ἐν
883 925 957 979 Δελ-

154 998 247 1082 φοῖσι,
257 1006 348 1084 πάρεξ
359 1006 390 1066 δὲ
399 1011 450 1066 τοῦ
464 1005 594 1088 α’ργύρου,
605 1005 714 1086 χρυσόν
727 1006 849 1067 άπλετον
859 1007 955 1084 άνέθη-

153 1116 209 1164 κεν,
223 1092 314 1155 άλλον
328 1119 360 1154 τε
377 1093 423 1152 καὶ
436 1093 498 1175 (τοῦ
513 1094 644 1170 μάλιστα
660 1093 774 1172 μνήμην
790 1093 867 1164 άξιον
882 1097 955 1174 ἔχειν

154 1181 229 1260 ἐστὶ)
249 1182 381 1259 κρητῆρές
401 1184 429 1241 οἱ
455 1180 578 1259 ἀριθμόν
603 1182 635 1252 ἐξ
652 1180 771 1262 χρύσεοι
796 1181 954 1242 α’νακέαται·

153 1269 256 1328 ἑστᾶσι
271 1269 302 1329 δὲ
314 1267 391 1330 οὗτοι
407 1273 437 1330 ἐν
447 1273 487 1348 τῷ
502 1270 659 1346 Κορινθίων
672 1271 811 1348 θησαυρῷ,
825 1268 955 1346 σταθμόν

153 1355 263 1435 ἔχοντες
270 1349 418 1435 τριήκοντα
425 1354 561 1418 τάλαντα·
575 1356 714 1434 άληθέῖδὲ
723 1358 800 1438 λόγῳ
808 1357 955 1436 χρεωμένῳ

153 1443 186 1502 ού
198 1445 354 1521 Κορινθίων
367 1448 418 1505 τοῦ
437 1444 575 1521 δημοσίου
593 1444 671 1505 ἐστὶν
684 1444 700 1504 ό
718 1443 860 1521 θησαυρός
876 1443 954 1504 άλλά

152 1533 288 1610 Κυψέλου
303 1535 354 1593 τού
366 1531 521 1597 Ἠετίωνος.
541 1541 544 1545 ’
564 1529 646 1596 οὗτος
661 1532 691 1592 δὲ
707 1531 723 1592 ό
739 1531 831 1613 Γύγης
845 1535 954 1610 πρῶτος

150 1618 309 1697 βαρβάρων
333 1624 389 1682 τῶν
412 1619 493 1698 ἡμεῖς
518 1619 598 1698 ἴδμεν
622 1625 650 1684 ἐς
676 1618 810 1696 Δελφούς
836 1618 953 1696 άνέθηκε

151 1705 317 1786 άναθήματα
336 1706 407 1787 μετά
427 1708 523 1785 Μίδην
539 1706 590 1769 τόν
609 1707 738 1785 Γορδίεω,
758 1707 879 1790 Φρυγίης
897 1708 952 1784 βα-

151 1797 246 1855 σιλέα·
266 1796 383 1874 άνέθηκε
404 1796 460 1880 γάρ
480 1796 514 1873 δή
538 1799 586 1857 καὶ
607 1798 701 1874 Μίδης
722 1797 774 1857 τόν
792 1795 950 1873 βασιλήϊον

151 1883 253 1961 θρόνον
265 1890 293 1949 ἐς
308 1885 359 1946 τόν
370 1886 543 1963 προκατίζων
556 1886 670 1962 ἐδίκαζε,
684 1884 766 1946 ἐόντα
778 1884 949 1961 ἀξιοθέητον

151 1974 240 2032 κεῖται
252 1972 282 2040 δὲ
294 1972 311 2033 ό
324 1972 422 2051 θρόνος
435 1970 515 2036 οὗτος
528 1971 597 2035 ἔνθα
608 1998 662 2050 περ
675 1974 703 2032 οἱ
714 1976 765 2033 τού
778 1971 872 2053 Γύγεω
886 1997 950 2049 κρη-

150 2062 241 2136 τῆρες.
268 2059 285 2121 ό
298 2061 329 2120 δέ
340 2059 448 2139 χρυσός
461 2058 542 2124 οὗτος
554 2062 601 2120 καὶ
610 2060 627 2120 ό
637 2058 758 2141 άργυρος
769 2058 821 2120 τόν
830 2059 847 2119 ό
857 2058 949 2141 Γύγης

151 2145 275 2223 άνέθηκε,
297 2147 353 2209 ύπό
378 2151 501 2224 Δελφῶν
524 2148 660 2207 καλέεται
676 2146 804 2228 Γυγάδας
827 2147 872 2206 ἐπὶ
896 2150 947 2207 τοῦ

151 2232 298 2298 άναθέντος
311 2236 475 2311 ἐπωνυμίην.
495 2235 621 2311 ἐσέβαλε
632 2235 685 2310 μέν
695 2260 743 2295 νυν
755 2233 891 2311 στρατιήν
904 2234 951 2293 καὶ

151 2318 240 2392 οὗτος,
253 2323 316 2382 ε’πεί
327 2347 360 2383 τε
374 2321 449 2401 ἦρξε,
464 2322 491 2386 ἐς
503 2348 536 2383 τε
553 2322 686 2399 Μίλητον
698 2321 745 2380 καὶ
763 2325 791 2384 ἐς
810 2319 949 2398 Σμύρνην,

150 2408 197 2467 καὶ
210 2414 384 2486 Κολοφῶνος
398 2410 433 2471 τό
446 2408 519 2470 άστυ
535 2410 602 2469 εἶλε.
636 2407 702 2469 ἀλλ’
715 2407 794 2469 ούδέν
805 2408 862 2490 γάρ
874 2409 949 2489 μέγα

150 2496 232 2577 ἔργον
246 2496 293 2558 ἀπ’
312 2498 396 2559 αὐτοῦ
414 2496 490 2557 άλλο
508 2498 617 2579 ἐγένετο
635 2495 863 2573 βασιλεύσαντος
880 2495 951 2556 δυῶν

150 2582 248 2644 δέοντα
269 2583 477 2663 τεσσεράκοντα
500 2586 570 2655 ἔτεα,
590 2588 690 2645 τοῦτον
711 2586 764 2661 μὲν
783 2582 950 2662 παρήσομεν

148 2675 276 2733 τοσαῦτα
287 2673 510 2751 ἐπιμνησθέντες,
522 2668 643 2749 Ἀρδυος
655 2672 686 2732 δὲ
697 2675 749 2733 τοῦ
767 2670 862 2753 Γύγεω
876 2669 948 2748 μετά
959 2672 996 2730 15

149 2757 243 2840 Γύγην
261 2760 489 2837 βασιλεύσαντος
505 2759 619 2837 μνήμην
635 2758 800 2836 ποιήσομαι·
822 2755 902 2821 οὗτος
920 2758 950 2817 δὲ

149 2849 289 2923 Πριηνέας
296 2873 329 2908 τε
341 2847 407 2919 εῐλε,
418 2852 446 2912 ἐς
458 2846 591 2923 Μίλητόν
599 2872 630 2907 τε
641 2847 775 2923 ἐσέβαλε·
791 2846 837 2905 ἐπὶ
846 2844 946 2905 τούτου

148 2957 181 2992 τε
196 2934 406 3011 τυραννεύοντος
424 2935 557 3011 Σαρδίων,
569 2935 724 3011 Κιμμέριοι
738 2932 771 3001 ἐξ
784 2931 874 3008 ἠθέων
890 2929 946 2991 ύπό

148 3022 277 3086 Σκυθέων
296 3025 353 3084 τῶν
372 3022 511 3100 Νομάδων
533 3021 743 3092 ἐξαναστάντες,
764 3018 897 3080 άπικέατο
918 3023 946 3082 ἐς

147 3107 201 3185 την
212 3108 321 3186 Ἀσίην,
335 3109 381 3169 καὶ
395 3110 495 3187 Σάρδις
507 3109 586 3186 πλὴν
597 3113 649 3185 τῆς
661 3105 831 3184 ἀκροπόλιος
845 3106 931 3166 εἶλον.

183 3195 303 3273 Ἀρδυος
316 3197 346 3257 δέ
354 3195 583 3274 βασιλεύσαντος
595 3194 655 3258 ἑνός
667 3194 765 3254 δέοντα
775 3192 947 3269 πεντήκοντα
956 3191 994 3251 16

147 3283 212 3357 ἔτεα
223 3283 365 3354 ἐξεδέξατο
380 3280 557 3358 Σαρδυάττης
569 3282 587 3341 ό
597 3281 724 3358 Ἄρδυος,
739 3281 786 3339 καὶ
798 3280 947 3355 ἐβασίλευ-

991 3403 1058 3477 Ᾰ
