2150 3500
158 115 192 165 ιι
464 110 648 160 Ἧυοαοποτ
929 108 972 175 [1.

158 191 230 253 καπεὶ
242 191 276 253 τό
288 190 364 252 ἀλλο
380 195 473 271 τεῖχος
488 192 657 267 περιενείκας
672 193 709 270 τῇ
726 188 762 268 ἦν
775 190 916 269 ἐπίμαχον
931 193 973 252 τό

158 279 261 360 χωρίον
274 283 325 355 τῆς
341 278 518 356 ἀκροπόλιος,
535 277 714 357 κατηλόγησε
731 277 840 348 τούτου,
857 277 894 342 ὥς
916 277 973 339 ἐόν

160 366 271 447 ἀμαχόν
282 392 314 427 τε
329 367 376 426 καὶ
392 365 545 444 ἀπότομον·
565 367 627 426 ἔστι
642 366 673 424 δὲ
684 364 755 442 πρός
770 371 820 425 τοῦ
841 365 972 442 Τμώλου

158 455 346 531 τετραμμένον
358 459 409 530 τῆς
420 453 530 518 πόλιας.
571 452 589 513 ό
608 451 645 513 ιἰν
663 452 697 529 δή
715 451 862 530 Ὑροιάδης
880 452 972 517 αὐτός

158 540 188 624 [ὁ
201 540 336 623 Μάρδος]
352 541 416 601 ίδῶν
427 545 463 619 τῇ
475 540 627 619 προτεραίῃ
639 543 695 600 τῶν
706 540 769 600 τινά
780 542 879 602 Λυδῶν
891 541 972 602 κατά

159 633 243 690 τοῦτο
255 633 305 705 τῆς
318 628 487 707 ἀκροπόλιος
500 628 663 704 καταβάντα
680 626 727 687 ἐπὶ
744 630 842 705 κυνέην
858 627 969 690 ἀνωθεν

160 718 423 788 κατακυλισθεῖσαν,
441 717 488 776 καὶ
511 714 687 793 ἀνελόμενον,
709 715 841 794 ἐφράσθη
863 717 910 775 καὶ
935 721 967 780 ἐς

161 803 249 880 θυμόν
262 803 394 881 ἐβάλετο.
414 804 477 866 τότε
493 803 573 880 δέδή
592 804 610 864 ό
628 802 710 867 αὐτός
724 829 757 864 πε
772 802 964 881 ἀναβεβήκεε,

161 892 209 964 καὶ
222 891 281 952 κατ’
294 891 378 952 αὐτόν
390 890 477 951 ἄλλοι
490 891 625 968 Περσέων
637 891 795 968 ἀνέβαινον·
815 892 967 970 προσβάν-

160 1003 215 1038 των
235 979 265 1038 δὲ
280 978 488 1059 συχνῶν,-οὕτω
507 978 542 1056 δή
563 973 679 1057 Σάρδιές
697 1003 730 1040 τε
748 978 899 1057 ήλάκεσαν
915 979 967 1040 καὶ

162 1069 219 1126 πᾶν
230 1065 264 1126 τό
277 1064 351 1126 ἀστυ
364 1066 521 1143 ἐπορθέετο.

114 1156 152 1215 85
203 1152 273 1213 Κατ’
287 1153 371 1214 αάτόν
383 1154 413 1214 δὲ
423 1157 551 1232 Κροῖσον
562 1153 629 1214 τάδε
641 1153 759 1236 ἐγένετο.
798 1153 836 1230 ἦν
847 1157 875 1215 οἱ
886 1157 965 1225 παῖς,

160 1243 212 1301 τοῦ
224 1241 270 1300 καὶ
282 1240 418 1320 πρότερον
430 1241 618 1319 ἐπεμνήσθην,
630 1241 667 1302 τά
680 1244 733 1318 μὲν
750 1239 828 1301 ἀλλα
841 1241 966 1318 ἐπιεικής

160 1327 272 1405 θιφωνας
281 1330 321 1389 δέ.
356 1333 430 1409 ἐντή
444 1328 481 1390 ὧν
492 1327 677 1408 παρελθούσῃ
690 1327 825 1390 εὖεστοῖό
836 1334 966 1406 Κροῖσος

161 1415 196 1478 τό
206 1421 265 1478 πᾶν
277 1423 305 1480 ἐς
318 1417 403 1477 αὐτόν
415 1415 585 1492 ἐπεποιήκεε,
598 1414 677 1476 ἄλλα
695 1441 729 1477 τε
744 1416 966 1495 ἐπιφραζόμενος

163 1505 209 1565 καὶ
222 1505 256 1581 δή
270 1505 316 1564 καὶ
330 1509 357 1567 ἐς
367 1503 499 1579 Δελφούς
509 1504 575 1580 περὶ
588 1503 673 1564 αύτοῦ
682 1503 845 1583 ἐπεπόμφεε
854 1528 965 1586 χρησο-

161 1592 270 1670 μένους·
290 1591 310 1666 η’
323 1591 352 1650 δὲ
365 1591 459 1667 Πυθίη
472 1593 499 1650 οἱ
513 1591 574 1650 εἶπε
584 1591 660 1651 τάδε·

210 1713 274 1764 λυδὲ
289 1714 363 1775 γένος,
383 1715 482 1763 πολλῶν
497 1715 609 1777 βασιλεύ,
627 1714 693 1777 μέγα
708 1715 779 1776 νήπιε
795 1715 893 1781 Κροῖσε,

209 1789 244 1847 μὴ
260 1789 349 1849 βούλευ
365 1789 511 1835 πολύευκτον
528 1790 566 1847 ἰὴν
582 1789 629 1836 διὰ
644 1789 734 1847 δώματ’
751 1790 844 1837 ἀκούειν

212 1861 296 1909 ταιδδς
312 1860 487 1920 φθεγγομένου.
521 1862 552 1909 τδ
568 1861 595 1909 δέ
610 1877 649 1909 σοι
665 1863 730 1909 πολύ
745 1864 818 1910 λώϊον
833 1862 909 1924 θμφδε

211 1932 318 1990 ἔμμεναι·
337 1932 436 1991 αὐδήσει
451 1933 500 1995 γὰρ
517 1932 544 1980 ἐν
558 1932 635 1991 ἤματι
651 1935 745 1994 πρῶτον
763 1934 865 1997 ἀνόλβῳ.

163 2029 352 2110 ἀλισκομένου
362 2031 455 2109 δήτοῦ
467 2032 582 2112 τείχεος,
592 2031 637 2109 ἤϊε
644 2033 701 2112 γάρ
710 2036 766 2094 τάν
777 2059 819 2097 τις
829 2034 968 2111 Περσέων

162 2117 346 2201 ἀλλογνώσας
367 2124 495 2197 Κροῖσον
515 2119 553 2184 ὥς
570 2119 748 2192 ἀποκτενέων,
766 2124 894 2198 Κροῖσος
910 2122 964 2198 μέν
1054 2137 1055 2162 ³

162 2233 211 2284 μιν
233 2207 319 2286 ἀρέων
341 2207 454 2268 ἐπιόντα
474 2208 530 2268 ἀπό
553 2211 605 2285 τῆς
629 2207 787 2285 παρεούσης
812 2214 964 2285 συμφορῆς
1054 2225 1055 2236 ’

162 2295 365 2373 παρημελήκεε,
376 2295 440 2356 οὐδέ
448 2322 477 2357 τι
486 2299 514 2356 οἱ
524 2295 633 2373 διέφερε
642 2295 780 2377 πληγέντι
789 2293 963 2356 ἀποθανέειν·

162 2381 222 2443 ἀδέ
233 2388 299 2446 παῖς
312 2381 391 2447 οὗτος
403 2382 420 2442 ἀ
433 2382 545 2459 ἄφωνος
560 2382 596 2446 ὦς
615 2382 671 2441 εἶδε
688 2381 802 2443 ἐπιόντα
817 2381 869 2443 τάν
889 2384 964 2460 Πέρ-
1053 2391 1054 2436 ἶ

163 2495 226 2544 οην,
238 2469 294 2528 ἀπό
307 2468 384 2532 δέους
395 2493 426 2529 τε
440 2470 486 2528 καὶ
505 2473 590 2528 κακοῦ
608 2470 705 2546 ἔρρηξε
725 2469 829 2546 φωνήν,
844 2468 906 2531 εἶπε
922 2470 965 2530 δέ·
1053 2475 1054 2502 ³

162 2554 319 2631 “o3v0pozre‚
330 2555 370 2631 μή
384 2559 471 2615 κτεῖνε
482 2554 634 2633 Κροῖσον.”
675 2554 755 2621 οὗτος
767 2560 819 2635 μὲν
832 2556 964 2634 δήτοῦτο

163 2646 274 2721 πρῶτον
294 2644 460 2723 ἐφθέγξατο·
480 2643 552 2720 μεπά
568 2643 598 2703 δέ
617 2636 700 2704 τόῦπο
717 2643 771 2721 ἤδη
792 2644 895 2721 ἐφεόνεε
913 2647 964 2706 τόν

117 2729 155 2787 86
163 2729 255 2792 πάντα
273 2730 375 2811 χρόνον
394 2735 445 2808 πῆς
464 2729 539 2807 ζόης.
580 2734 618 2791 Οἱ
635 2733 665 2791 δέ
684 2734 798 2809 Πέρσαι
814 2732 865 2797 τάς
879 2757 911 2792 τε
927 2733 965 2811 δή
1052 2779 1054 2812 i

164 2817 266 2898 Σάρδις
278 2820 373 2899 έσχον,
384 2820 430 2878 καὶ
438 2817 521 2878 αὐτόν
531 2822 659 2895 Κροῖσον
668 2819 829 2900 ἐζώγρησαν
841 2818 966 2898 ἄρξαντα

163 2908 226 2967 ἔτεα
249 2906 502 2984 τεσσερεσκαῶεκα
522 2906 569 2965 καὶ
587 2908 839 2983 τεσσερεσκαίδεκα
857 2907 915 2985 ήμί
1010 2933 1015 2942 ·
1051 2907 1053 2932 δ

163 2995 392 3072 πολιορκηθέντα,
401 2992 470 3054 κατά
480 2992 513 3053 τό
521 2994 695 3072 χρηστήριόν
703 3020 735 3054 τε
744 2994 894 3056 καταπαόσ

162 3081 214 3158 τήν
235 3086 335 3142 ἑωυτοῦ
354 3080 482 3163 μεγάλην
502 3078 602 3159 ἀρχήν·
622 3072 762 3157 λαβόντες
782 3083 812 3142 δέ
831 3081 886 3142 αιἰτι

162 3166 276 3244 Πέρσαι
287 3167 395 3250 ἤγαγον
411 3167 488 3245 παρά
508 3171 613 3245 Κῦρον·
634 3168 698 3228 όδέ
713 3168 855 3245 συννήσας
871 3195 886 3227 π

161 3254 298 3335 μεγάλην,
317 3254 477 3332 ἀνεβίβασε
497 3252 540 3313 ἐπ’
559 3253 648 3332 αύτήν
665 3254 717 3316 τόν
735 3255 885 3333 Κροῖσόν·
