2150 3500
136 136 280 202 101-106]
485 136 599 188 mm.
909 137 940 184 ιι

135 219 245 294 ἐπῆλθε
255 217 382 282 Σκυθέων
395 217 516 295 στρατός
528 217 627 298 μέγας
640 214 692 298 άγε
704 216 735 276 δέ
744 214 844 280 αύτούς
852 216 939 291 βασι·

135 305 203 368 λεύς
222 305 239 366 ό
260 305 386 369 Σκυθέων
406 305 532 382 Μαδύης,
548 305 721 382 Προτοθύεω
740 306 816 367 παῖς·
838 303 865 363 οἳ
878 304 938 364 ἐσέ-

134 395 232 470 βαλον
248 395 299 471 μὲν
317 399 345 456 ἐς
359 393 412 470 τήν
426 393 527 468 Ἀσίην
540 393 713 470 Κιμμερίους
725 390 895 468 ἐκβαλόντες
911 395 942 450 ἐκ

135 486 188 558 πῆς
199 481 343 560 Εύριύπης,
357 479 484 541 τούτοισι
497 481 527 540 δὲ
543 480 729 557 ἐπισπόμενοι
745 479 885 560 φεύγουσι
898 478 942 539 οὗ·

135 594 177 628 τω
190 573 217 632 ἐς
229 569 282 646 τήν
295 568 426 647 Μηδικήν
438 569 532 649 χώρην
546 568 688 629 ἀπίκοντο.
709 567 807 649 (Ἐστι
821 568 850 627 δέ
863 566 920 628 οἶτδ
931 569 989 628 104

135 661 188 733 τῆς
201 659 302 736 λίμνης
314 662 365 734 τῆς
377 657 532 734 Μαιήτιδος
545 657 592 716 ἐπὶ
607 661 699 717 Φᾶσιν
711 656 840 734 ποταμόν
856 657 902 715 καὶ
915 661 943 720 ἐς

137 745 272 826 Κόλχους
284 746 434 825 τριήκοντα
449 745 574 822 ἡμερέων
588 743 692 824 εύζύνῳ
710 743 783 808 όδός·
805 748 835 803 ἐκ
849 743 879 803 δὲ
890 748 942 820 τῆς

137 833 281 912 Κολχιδος
302 834 335 893 ού
358 832 471 894 πολλόν
493 831 652 910 ύπερβῆναι
676 838 704 896 ἐς
725 830 779 908 τήν
802 831 941 908 Μηδικήν,

137 918 215 980 ἄλλά
232 922 261 982 ἐν
275 921 310 982 τό
328 921 374 981 διὰ
390 922 481 1000 μέσου
497 922 576 984 ἔθνος
588 919 679 980 αὐτῶν
692 921 762 990 ἐστὶ,
776 918 941 999 Σάσπειρες·

136 1012 221 1070 τοῦτο
236 1009 267 1070 δὲ
281 1009 556 1088 παραμειβομένοισι
571 1008 641 1068 εἶναι
657 1012 687 1067 ἐν
701 1011 738 1086 τῇ
750 1008 874 1087 Μηδικῇ.
909 1006 942 1067 ού

136 1097 233 1174 μέντοι
246 1097 317 1180 οἶγε
329 1098 435 1163 Σκύθαι
447 1096 534 1176 ταύτῃ
548 1095 700 1172 ἐσέβαλον,
709 1094 786 1155 α’λλὰ
797 1095 849 1172 τήν
862 1094 942 1154 κατύ-

136 1187 223 1263 περθε
235 1185 301 1247 ὁδόν
312 1189 413 1266 πολλῷ
421 1185 596 1263 μακροτέρην
606 1182 814 1261 ἐκτραπόμενοι,
825 1189 854 1244 ἐν
864 1183 941 1262 δεξιῇ

138 1274 248 1352 ἔχοντες
257 1273 292 1336 τό
305 1272 471 1335 Καυκάσιον
483 1271 570 1352 ὅρος.)
612 1272 730 1332 ἐνθαῦτα
743 1274 770 1331 οἱ
782 1274 834 1349 μὲν
846 1271 942 1346 Μῆδοι

137 1361 336 1440 συμβαλόντες
347 1363 425 1422 τοῖσι
437 1359 566 1440 Σκύθῃσι
578 1360 625 1418 καὶ
635 1357 804 1421 ἑσσωθέντες
812 1363 850 1437 τῇ
861 1357 941 1436 μάχη

136 1455 189 1526 τῆς
210 1449 301 1530 ἀρχῆς
320 1448 524 1525 κατελύθησαν,
545 1451 574 1508 οἱ
592 1448 623 1507 δέ
643 1445 750 1512 Σκύθαι
772 1445 825 1521 τήν
842 1445 944 1522 Ἀσίην

136 1541 235 1600 πᾶσαν
247 1539 380 1617 ἐπέσχον.
413 1535 560 1598 Ἐνθεΰτεν
573 1536 603 1595 δὲ
615 1533 702 1612 ἤϊσαν
715 1533 758 1594 ἐπ’
768 1535 920 1616 Αἴγυπτον·
932 1537 989 1595 105

137 1626 188 1686 καὶ
203 1627 265 1686 ἐπεί
278 1651 310 1686 τε
327 1625 453 1708 ἐγένοντο
472 1629 502 1686 ἐν
513 1629 551 1704 τῇ
569 1624 751 1703 Παλαιστίνη
764 1623 851 1701 Συρίη
864 1629 942 1700 Ψαμ-
985 1655 989 1660 ’

136 1713 248 1795 μίτιχός
260 1719 353 1791 σφεας
366 1712 509 1797 Αίγύττου
522 1711 664 1791 βασιλεύς
679 1710 814 1775 ἀντιάσας
830 1709 947 1791 δώροισί

136 1828 169 1863 τε
177 1804 224 1863 καὶ
231 1807 331 1883 λιτῇσι
338 1800 529 1880 ἅπατρέπειτδ
537 1801 706 1881 προσωτέρω
713 1800 754 1878 μή
762 1799 943 1879 πορεύεσθαι·

137 1893 165 1951 οἶ
182 1892 213 1953 δέ
228 1893 292 1952 ἐπεί
303 1916 336 1952 τε
352 1889 556 1971 ἀναχωρέοντες
571 1889 663 1950 ὀπίσω
679 1890 807 1971 ἐγένοντο
822 1893 873 1964 τῆς
891 1889 944 1953 Συ-

136 1979 200 2057 ρίης
228 1984 258 2041 ἐν
284 1977 445 2039 Ἀσκάλωνι
469 1976 549 2049 πόλι,
575 1982 632 2038 τῶν
659 1975 786 2037 πλεόνων
815 1976 945 2040 Σκυθέων

136 2065 366 2145 παρεξελθόντων
383 2065 508 2137 ἀσινέων,
522 2065 616 2146 ὀλίγοι
632 2066 705 2128 τινές
723 2063 815 2123 αὐτῶν
831 2062 945 2123 ύπολει-

138 2155 257 2230 φθέντες
269 2153 415 2230 ἐσύλησαν
426 2158 477 2230 τῆς
491 2152 631 2230 Οὐρανίης
645 2150 815 2228 Ἀφροδίτης
826 2150 859 2210 τό
874 2150 943 2229 ἱρόν.

138 2243 202 2303 ἐστι
213 2243 244 2303 δὲ
255 2247 340 2303 τοῦτο
351 2241 385 2303 τδ
396 2240 463 2320 ἱρόν,
478 2240 514 2303 ὦς
528 2238 583 2321 ἐγω
595 2237 802 2315 πυνθανόμενος
815 2236 942 2315 εύρίσκω,

136 2330 249 2391 πάντων
261 2328 448 2409 ἀρχαιότατον
462 2331 527 2406 ἱρῶν
543 2326 602 2387 ὅσα
615 2324 719 2402 ταύτης
734 2328 785 2401 τῆς
803 2325 877 2386 θεοῦ·
898 2328 945 2387 καὶ

136 2417 195 2499 γάρ
214 2417 248 2479 τδ
269 2423 299 2479 ἐν
318 2416 424 2497 Κύπρῳ
445 2416 504 2495 ίρδν
524 2416 650 2477 ἐνθεῦτεν
670 2416 787 2497 ἐγένετο,
810 2413 846 2478 οἷς
865 2414 945 2475 αὐτοὶ

138 2506 259 2587 λέγουσι
271 2506 404 2584 Κύπριοι·
425 2505 518 2565 καὶτὰ
534 2509 565 2564 ἐν
578 2502 738 2581 Κυθήροισι
751 2504 875 2566 Φοίνικές
889 2508 945 2564 εἶσι

139 2598 169 2655 οἱ
182 2592 368 2673 ἱδρυσάμενοι,
382 2598 414 2652 ἐκ
428 2591 531 2669 ταύτης
546 2596 599 2668 τῆς
616 2590 718 2669 Συρίης
735 2589 834 2655 ἐόντες.
868 2596 945 2652 τοῖσι

139 2682 172 2743 δὲ
186 2685 242 2743 τῶν
254 2682 383 2747 Σκυθέων
395 2679 545 2756 συλήσασι
561 2678 595 2739 τδ
613 2679 673 2757 ἶρδν
684 2678 718 2739 τδ
733 2684 762 2740 ἐν
773 2678 942 2751 Ἀσκάλωνι,

140 2771 189 2831 καὶ
209 2772 287 2830 τοῖσι
307 2768 411 2829 τούτων
434 2768 488 2829 αἰεὶ
511 2766 660 2850 ἐκγόνοισι,
681 2767 818 2845 ἐνέσκηψε
839 2766 858 2842 ἦ
883 2767 946 2829 θεὸς
1003 2767 1007 2773 ’

141 2856 259 2935 θήλειαν
270 2861 384 2918 νοῦσον·
406 2854 479 2916 ὥστε
492 2854 552 2933 ἅμα
564 2856 686 2935 λέγουσί
696 2880 728 2913 τε
741 2858 768 2913 οί
781 2853 887 2919 Σκύθαι
900 2854 946 2914 διαὶ

140 2942 226 3006 τοῦτό
245 2949 338 3020 σφεας
356 2944 474 3015 νοσέειν,
494 2944 542 3002 καὶ
560 2942 630 3020 ὁρᾶν
648 2940 714 3018 παρ’
736 2945 863 3001 ἑωυτοῖσι
881 2942 947 3005 τούς

141 3031 356 3109 ἀπικνεομένους
371 3036 399 3094 ἐς
417 3029 469 3107 τὴν
485 3030 625 3106 Σκυθικήν
640 3027 736 3108 χώρην
750 3027 786 3089 ὥς
805 3029 946 3088 διακέαται

142 3118 208 3182 τούς
225 3119 360 3179 καλέουσι
376 3117 510 3195 Ἐναρέας
527 3121 556 3176 οἷ
573 3116 689 3181 Σκύθαι.
723 3113 790 3173 Ἐπὶ
805 3114 859 3190 μέν
876 3140 924 3175 νυν
934 3117 992 3176 106

143 3206 216 3269 ὀκτιδ
229 3208 276 3267 καὶ
288 3206 378 3267 είκοσι
391 3206 454 3266 ἐτεα
464 3203 555 3283 ἦρχον
563 3208 615 3279 τῆς
624 3202 725 3278 Ἀσίης
738 3205 765 3262 οἱ
775 3200 889 3274 Σκύθαι,
899 3203 947 3261 καὶ

143 3295 182 3357 τά
193 3294 285 3356 πάντα
297 3300 355 3371 σφι
366 3292 421 3356 ύπό
433 3318 465 3353 τε
477 3291 577 3368 ὕβριος
590 3291 637 3351 καὶ
645 3289 792 3370 ὀλιγωρίης
801 3288 947 3351 άνάστατα

941 3401 1073 3479 ‘fl
