2150 3500
88 141 203 207 Μ]
419 134 583 198 mma.
809 137 811 141 ·
844 145 901 197 ιιι·

89 223 140 282 καὶ
157 221 211 298 τήν
227 225 280 300 μέν
292 225 518 303 σπουδαιοτάτην
535 225 640 288 αύτέων
658 225 734 302 φασὶ
752 223 831 296 εἶναι,
844 225 896 284 τοῦ

88 309 143 369 οῦκ
156 309 237 372 ὅσων
249 315 381 391 ποιεῦμαι
393 309 546 391 τδόῦνομα
559 315 606 373 ἐπὶ
619 311 735 392 τοιούτῳ
748 310 894 392 πρήγματι

88 396 246 475 ὀνομάζειν,
261 399 316 475 τήν
333 401 365 460 δέ
384 400 513 477 δευτέρην
530 401 672 462 δεικνύασι
690 398 894 475 ύποδεεστέρην

87 509 122 544 τε
137 485 239 562 ταύτης
258 488 305 546 καὶ
321 486 527 566 εὐτελεστέρην,
541 489 594 565 τήν
610 489 639 548 δέ
655 488 751 564 τρίτην
765 485 894 547 εὐτελεσ-

87 572 187 648 τάτην·
208 573 369 650 φράσοντες
384 575 414 635 δέ
431 575 619 637 πυνθάνονται
637 574 702 653 παρ’
716 572 806 634 αύτῶν
822 571 894 634 κατά

87 658 189 735 ἥντινα
206 662 365 737 βούλονταί
379 670 437 741 σφι
454 665 647 741 σκευασθῆναι
663 662 715 724 τόν
731 661 846 738 νεκρόν;
867 663 895 722 οἱ

87 749 145 824 μέν
163 748 199 824 δή
218 749 351 821 ἐκποδῦν,
370 753 466 831 μισθῷ
483 751 722 834 ὁμολογήσαντες,
742 748 893 810 ἀπαλλάσ-

88 859 201 897 σονται·
229 840 256 897 οἱ
277 838 307 898 δέ
329 838 548 917 ῦπολειπόμενοι
571 846 602 901 ἐν
625 838 760 916 οἰκήμασι
783 835 835 896 ὧδε
857 836 894 898 τοὶ

88 923 301 985 σπουδαιότατα
313 927 503 1007 ταριχεύουσι·
519 932 617 1006 πρῶτα
630 929 682 1005 μέν
695 929 802 1004 σκολιῷ
815 923 892 1000 σιδή-

88 1035 131 1090 ρῳ
144 1011 191 1071 διαὶ
208 1016 263 1073 τῶν
276 1014 443 1092 μυξωτήρων
458 1014 592 1096 ἐξάγουσι
610 1015 660 1078 τόν
675 1015 843 1097 ἐγκέφαλον,
857 1010 894 1072 τά

88 1101 144 1176 μέν
156 1098 241 1160 αύτοῦ
254 1100 326 1162 οὕτω
339 1101 484 1183 ἐξάγοντες
495 1103 532 1163 τοὶ
545 1103 575 1163 δέ
592 1103 734 1185 ἐγχέοντες
747 1099 892 1177 φάρμακα·

88 1186 163 1263 μετοὶ
180 1187 218 1260 δέ,
232 1188 303 1269 λίθῳ
320 1190 475 1270 Αἰθιοπικῷ
490 1189 551 1260 ὀξέϊ
568 1190 797 1270 παρασχίσαντες
816 1185 893 1264 παρά

88 1274 144 1351 τήν
155 1275 295 1354 λαπάρην,
310 1278 342 1348 ἐξ
356 1277 394 1338 ὧν
407 1279 484 1338 εἶλον
498 1278 552 1354 τήν
565 1279 674 1354 κοιλίην
685 1279 792 1335 πάσαν·
814 1278 892 1332 ἐκκα-

89 1360 225 1440 θήραντες
243 1364 273 1424 δέ
289 1364 376 1442 αύτήν
393 1367 441 1425 καὶ
459 1365 642 1441 διηθήσαντες
660 1364 724 1443 οίνῳ
738 1359 890 1439 φοινικηίῳ,

89 1450 170 1515 αι’ττις
182 1451 325 1528 διηθέουσι
339 1453 497 1530 θυμιήμασι
506 1454 723 1532 τετριμμένοισι·
738 1450 833 1536 ἔπειτα
842 1447 894 1524 τήν

89 1538 176 1614 νηδύν
196 1539 322 1617 σμύρνης
342 1539 483 1617 ἀκηράτου
503 1541 692 1619 τετριμμένης,
715 1538 762 1598 καὶ
784 1535 892 1611 κασίης,

90 1627 141 1686 καὶ
154 1629 210 1688 τῦν
222 1626 318 1688 ἄλλων
330 1628 480 1705 θυωμάτων
494 1629 573 1705 πλὴν
585 1630 745 1706 λιβανωτοῦ
761 1623 892 1700 πλήσαν·

88 1739 146 1784 τες,
158 1714 354 1794 συρράπτουσι
367 1715 468 1777 ὀπίσω·
484 1720 572 1778 ταῦτα
585 1717 615 1778 δέ
627 1715 803 1795 ποιήσοντες,
816 1736 892 1789 ταρι-

89 1801 209 1882 χεύουσι
221 1804 307 1883 λίτρῳ
315 1804 468 1884 κρύψαντες
476 1805 582 1883 ἡμέρας
593 1804 796 1883 ἐβδομήκοντα·
808 1803 893 1860 πλεῦ-

90 1915 142 1954 νας
167 1891 198 1951 δέ
218 1893 338 1953 τουτέων
361 1892 411 1952 οὐκ
435 1893 527 1964 ἔξεστι
549 1894 713 1973 ταριχεύειν.
755 1887 840 1950 ἐπεάν
863 1889 893 1947 δὲ

90 1978 257 2055 παρέλθωσι
280 1982 310 2039 αἶ
330 1979 533 2058 ἐβδομήκοντα,
554 1981 707 2045 λούσαντες
717 1978 777 2039 τόν
796 1974 895 2053 νεκρόν

92 2066 310 2127 κατειλίσσουσι
318 2070 377 2127 πᾶν
384 2067 469 2129 αύτοῦ
478 2068 512 2129 τό
522 2073 607 2145 σῶμα
615 2067 742 2130 σινδόνος
747 2064 894 2142 βυσσίνης

90 2157 239 2232 τελαμῶσι
255 2158 532 2233 κατατετμημένοισι,
547 2156 727 2235 ὑποχρίοντες
743 2156 783 2230 τῷ
796 2149 893 2227 κόμμι·

90 2245 132 2320 τῷ
152 2242 188 2318 δή
206 2242 268 2303 ἀντὶ
286 2243 393 2319 κόλλης
412 2244 449 2303 τά
465 2242 564 2303 πολλοὶ
582 2244 717 2323 χρέωνται
728 2237 894 2320 ΙΑἰγύπτιοι·

92 2330 219 2392 ἐνθεῦτεν
232 2330 262 2390 δέ
277 2330 501 2409 παραδεξάμενοί
513 2356 562 2408 μιν
578 2334 605 2390 οἱ
621 2328 819 2409 προσήκοντες,
832 2349 894 2385 ποι-

93 2420 187 2478 εῦνται
198 2417 310 2488 ξύλινον
321 2419 410 2480 τύπον
422 2418 635 2498 ἀνθρωποειδέα·
656 2415 843 2495 ποιησάμενοι
855 2412 894 2483 δέ,

93 2511 245 2587 ἐσεργνῦσι
256 2506 306 2568 τόν
317 2507 424 2585 νεκρόν·
445 2509 491 2566 καὶ
509 2508 747 2584 κατακληίσαντες
760 2503 831 2565 ούτω
845 2503 894 2578 θη-

93 2595 269 2671 σαυρίζουσι·
295 2594 337 2676 [ἐν
361 2593 491 2673 οἰκήματι
517 2595 630 2675 θηκαίῳ,
655 2593 782 2657 ἱστάντες
809 2588 895 2668 ὀρθόν

92 2680 164 2758 πρός
175 2685 282 2761 τοῖχον·
299 2680 369 2742 ούτω
382 2683 434 2759 μὲν
445 2682 510 2747 ποῦς
522 2682 558 2743 πά
571 2683 803 2744 πολυτελέστατα
814 2701 894 2751 σκευ-

93 2767 194 2840 άζουσι
206 2768 340 2851 νεκρούς]
372 2770 443 2834 Τοῦς
455 2770 486 2830 δέ
497 2770 533 2831 τά
546 2771 622 2848 μέσα
635 2769 828 2848 βουλομένους
842 2762 940 2839 τήν87

93 2856 125 2915 δέ
143 2857 333 2934 πολυτεληίην
352 2858 515 2939 φεύγοντας,
536 2858 706 2929 σκευάζουσι
726 2853 786 2914 ὦδε·
812 2849 896 2913 ἐπεάν

91 2944 160 3008 ποῦς
173 2947 334 3023 κλυστῆρας
347 2945 512 3021 πλήσωνται
528 2951 579 3006 τοῦ
593 2944 650 3005 άπὸ
667 2944 765 3021 κέδρόυ
778 2940 895 3014 ὀλείφα·

92 3057 143 3096 τος
150 3033 307 3113 γινομένου,
318 3038 347 3094 ἐν
357 3032 393 3093 ὧν
404 3035 533 3110 ἔπλησαν
542 3037 592 3094 τοῦ
603 3035 701 3110 νεκροῦ
714 3030 767 3105 τήν
776 3025 895 3100 κοιλίην,

94 3118 160 3179 οὕτε
177 3118 366 3197 ἀναταμόντες
383 3120 468 3182 αὐτόν
487 3120 552 3181 οὔτε
572 3119 714 3191 ἐξελόντες
732 3116 785 3192 τήν
804 3111 896 3188 νηδῧνι

95 3206 169 3267 κατὰ
181 3206 212 3267 δέ
223 3208 276 3283 τήν
292 3207 374 3285 ἐδρην
386 3207 586 3285 ἐσηθήσαντες·
607 3208 654 3268 καὶ
667 3201 852 3281 ἐπιλαβόντες
862 3196 897 3258 τῦ

95 3293 215 3374 κλύσμα
235 3298 287 3371 τῆς
305 3294 398 3356 ὀπίσω
419 3295 496 3367 ὀδοῦ,
516 3293 698 3377 ταριχεύουσι
717 3290 768 3356 τὰς
787 3309 897 3366 mm·
