2150 3500
105 118 248 184 ιιι-ιιι]
434 120 598 171 mamm.
859 121 907 175 ιιι

105 196 204 274 ἄφορα
224 196 331 256 πολλοί·
353 196 442 279 λόγον
461 197 492 257 δὲ
510 196 591 259 τόνδε
611 199 788 280 ἐπιλέγοντες
809 201 838 259 οἰ
859 203 909 261 Αἰ-

104 284 220 365 γύπτιοι
236 282 311 359 φασὶ
331 283 401 343 εἰναι
421 282 509 359 αύτήν
526 286 652 361 πλοκήν·
673 285 709 350 ὥς
729 290 759 346 έν
776 290 813 366 τῇ
832 286 911 367 νήσῳ

104 371 194 449 ταύτῃ
208 370 258 431 οῦκ
275 370 361 449 ἐούσῃ
374 371 511 448 πρότερον
523 376 630 450 πλωτῇ,
644 372 737 449 Amo),
752 378 839 434 εὀῦσα
853 372 910 436 των

105 457 181 519 ὄκτιιί
200 459 270 519 θεῶν
292 461 348 518 τῶν
368 458 483 535 πρώτων
503 462 658 540 γενομένων
679 461 810 521 οἰκέουσα
830 462 861 521 δὲ
880 466 910 524 έν

105 549 213 605 Βουτοῖ
231 544 308 616 πόλι,
326 545 371 606 ἶνα
391 545 425 621 δή
442 549 469 605 οἰ
488 546 522 606 τῦ
542 546 715 625 χρηστήριον
734 548 818 608 τοῦτό
838 554 909 624 ε’στι,

104 630 277 693 Ἀπόλλωνα
298 632 374 711 παρὰ
392 632 483 697 Ἴσιος
505 635 742 712 παρακαταθήκην
765 635 908 714 δεξαμένη,

105 719 226 781 διέσωσε
247 719 450 799 κατακρύψασα
471 726 500 781 ἐν
522 723 560 801 τῇ
580 726 630 783 νῦν
651 726 752 801 πλωτή
770 725 910 804 λεγομένῃ

103 806 193 887 νήσιρ,
215 806 262 867 ὅτε
285 807 319 885 δή
340 806 373 869 τδ
397 811 455 868 πᾶν
479 807 623 885 διζήμενος
643 809 777 887 ὄΤυφιίν
801 814 909 887 ε’πῆλθε

104 895 197 955 θέλων
207 894 325 973 ἐξευρεῖν
337 898 388 955 τοῦ
400 894 527 973 Ὀσίριος
539 895 589 956 τδν
601 896 908 959 παῖδα-Ἀπόλλωνα

104 981 137 1041 δὲ
153 982 200 1042 καὶ
214 978 349 1060 Ἄρτεμιν
366 981 507 1042 Διονύσου
527 983 575 1042 καὶ
588 980 679 1048 Ἴσιος
698 984 818 1065 λέγουσι
838 985 908 1047 εἰναι

103 1068 215 1141 παῖδας,
228 1073 340 1146 Λητοῦν
357 1069 387 1129 δὲ
403 1068 510 1146 τροφὸν
523 1068 635 1131 αύτοῖσι
651 1072 698 1131 καὶ
713 1071 849 1149 σιύτειραν
860 1098 906 1155 γε·

103 1157 215 1217 νέσθαι·
230 1157 399 1238 Αἰγυπτιστὶ
408 1157 437 1216 δὲ
447 1155 598 1218 Ἀπόλλων
604 1157 758 1235 μὲνὨρος,
769 1159 906 1239 Δημήτηρ

103 1244 135 1303 δὲ
151 1242 234 1315 Ἶσις,
245 1243 379 1321 Ἀρτεμις
396 1245 426 1305 δὲ
444 1244 617 1321 Βούβαστις.
651 1250 682 1303 έκ
696 1244 796 1305 τούτου
812 1247 842 1305 δὲ
856 1252 908 1307 τοῦ

103 1330 195 1413 λόγου
214 1332 261 1392 καί
281 1331 392 1397 ούδενδς
416 1330 508 1391 ἄλλου
528 1330 674 1410 Αἰσχύλος
694 1333 710 1392 ὁ
729 1331 910 1409 Εὐφορίωνος

103 1418 217 1497 ἥρπασε
230 1420 262 1481 τῦ
277 1418 330 1501 ε’γιῦ
342 1420 452 1497 φράσω,
463 1423 566 1531 μοῦνος
579 1419 613 1495 δή
627 1421 762 1495 ποιητέων
773 1424 829 1481 τιῦν
840 1446 909 1497 προ-

103 1507 268 1587 γενομένων·
296 1509 412 1584 ε’ποίησε
436 1507 493 1615 γὰρ
514 1504 701 1584 Αρτεμιν’
674 1532 744 1567 ειναι
768 1508 907 1589 θυγατέρα

105 1594 265 1704 Δήμητρος·
266 1594 358 1706 -τήν
372 1596 453 1655 δὲ
419 1620 507 1671 νησον
523 1595 570 1655 δια
587 1598 670 1655 τοῦτο
685 1594 818 1676 γενέσθαι
832 1600 907 1656 πλω-

102 1682 166 1759 τήν.
200 1687 289 1745 ταῦτα
301 1708 353 1762 μεν
366 1681 436 1743 οὕτω
449 1683 578 1766 λέγουσι.

146 1772 322 1850 Ψαμμίτιχος
346 1772 376 1831 δὲ
398 1772 574 1848 ἐβασίλευσε
596 1772 740 1853 Αἰγύπτου
762 1774 954 1853 τέσσερα157

105 1859 153 1918 καὶ
165 1859 338 1936 πεντήκοντα
351 1860 422 1919 έτεα·
442 1863 498 1919 τιῦν
510 1859 547 1921 τιί
564 1860 625 1923 ένθς
640 1860 738 1920 δέοντα
750 1862 908 1939 τριήκοντα,

101 1945 234 2019 Ἀζωτον,
247 1951 298 2023 τῆς
313 1947 414 2025 Συρίης
426 1945 555 2028 μεγάλην
570 1946 664 2017 πόλιν,
679 1949 910 2028 προσκατήμενος

105 2034 277 2113 ἐπολιόρκεε,
288 2039 315 2098 ές
326 2033 360 2094 τδ
371 2036 469 2104 ἐξεῖλε.
494 2033 564 2109 αῦτη
575 2034 604 2093 δὲ
617 2033 767 2109 ήἈζωτος
777 2035 909 2096 ἁπασέων

104 2123 212 2182 πολίων
226 2122 271 2182 έτί
286 2126 423 2182 πλεῖστον
438 2119 541 2200 χρόνον
553 2121 774 2198 πολιορκευμένη
788 2120 909 2201 ἀντέσχε

104 2213 163 2270 τιῦν
176 2210 256 2286 ἡμεῖς
269 2211 356 2288 ἴδμεν.

146 2300 325 2378 Ψαμμιτίχου
342 2299 372 2358 δὲ
392 2296 489 2362 Νεκοίς
507 2300 574 2360 παῖς
592 2297 708 2378 ἐγένετο,
723 2297 770 2357 καί
790 2298 888 2374 ε’βασί-
899 2300 957 2359 158

104 2391 191 2447 λευσε
212 2386 364 2468 Αἰγύπτου·
385 2385 416 2450 ῦς
433 2390 469 2465 τῇ
485 2385 598 2464 διύρυχι
617 2385 782 2463 ἐπεχείρησε
799 2389 909 2462 πριῦτος

103 2479 141 2553 τῇ
154 2481 182 2538 ές
193 2473 245 2551 τήν
258 2473 396 2552 Ἐρυθμήν
410 2474 564 2534 θάλασσαν
574 2472 710 2550 φερούσῃ,
723 2471 776 2549 τήν
789 2477 909 2551 Δαρεῖος

105 2563 121 2623 ὁ
132 2564 248 2639 Πέρσης
261 2562 373 2640 δεύτερα
385 2553 507 2638 διώρυξε·
520 2565 571 2635 τῆς
582 2564 672 2638 μῆκος
683 2561 736 2638 μέν
747 2565 808 2621 ε’στι
818 2559 908 2624 πλύος

104 2649 208 2728 ήμέραι
221 2651 362 2726 τέσσερες,
374 2648 452 2725 εῦρος
465 2649 495 2708 δὲ
509 2647 620 2726 ὠρύχθη
634 2645 707 2708 ὥστε
720 2648 848 2726 τριήρεας
858 2647 907 2708 δύο

104 2739 203 2798 πλέειν
216 2737 287 2815 ὁμοῦ
300 2734 531 2813 ἐλαστρευμένας.
565 2734 648 2811 ἦκται
664 2734 694 2793 δὲ
710 2734 766 2794 αἰπύ
778 2740 829 2795 τοῦ
842 2735 908 2794 Νεί-

104 2828 160 2886 λου
177 2824 213 2886 ro*
230 2824 301 2903 ὕδωρ
318 2829 346 2888 ές
366 2822 461 2899 αὐτήν·
482 2822 565 2899 ήκται
584 2823 615 2882 δὲ
634 2821 789 2898 κατύπερθε
809 2821 909 2901 ὀλίγον

105 2912 287 2988 Βουβάστιος
306 2912 413 2982 πόλιος,
432 2911 509 2986 παριί
527 2909 680 2986 Πάτουμον
696 2907 749 2984 τήν
768 2906 909 2984 Ἀραβίην

104 2999 200 3060 πόλιν·
217 3000 310 3078 έσέχει
319 2999 349 3058 δὲ
359 3004 386 3062 ές
398 2996 449 3074 τήν
461 2996 600 3074 Ἐρυθρὴν
610 2996 771 3058 θάλασσαν·
789 2993 908 3072 ιῦρυκται

105 3087 137 3147 δὲ
156 3090 267 3164 πριῦτον
286 3088 339 3164 μὲν
354 3090 405 3146 τοῦ
423 3085 517 3144 πεδίου
537 3088 587 3144 τοῦ
607 3084 761 3164 Αἰγυπτίου
780 3081 817 3143 τιί
836 3082 907 3160 πρδς

104 3173 245 3252 Ἀραβίην
258 3175 368 3254 ἔχοντα·
386 3174 478 3253 ἔχεται
491 3172 521 3232 δὲ
535 3170 688 3248 κατύπερθε
700 3174 750 3231 τοῦ
763 3170 859 3230 πεδίου
870 3168 906 3230 τῦ

106 3258 180 3322 κατὰ
191 3260 311 3338 Μέμφιν
320 3263 410 3322 τεῖνον
423 3259 496 3337 ὄρος,
507 3263 536 3318 έν
549 3261 588 3336 τῷ
597 3260 626 3317 οἰ
639 3258 801 3338 λιθοτομίαι
812 3258 908 3319 ἔνεισι·
