2150 3500
138 97 187 144 ιιι
415 139 419 144 .
451 95 631 145 ακοΔοαου
880 94 948 160 [Ν.

138 175 276 252 νέμονται,
287 180 362 255 τρεῖς
371 175 442 255 ὧρας
455 181 484 237 ἐν
498 179 585 256 ἑωυτῇ
598 176 676 248 ἀξίας
690 176 829 254 θώματος·
845 181 948 254 πριῗπα

138 266 192 340 μὲν
200 264 256 345 γάρ
264 266 301 325 τά
309 264 533 342 παραθαλάσσια
543 269 599 324 τῶν
609 269 720 342 καρπῶν
730 264 804 344 ὀργᾷ
813 263 950 341 ἀμᾶσθαί

138 378 169 411 τε
182 355 229 411 καὶ
241 355 408 434 τρυγᾶσθαι·
429 354 534 414 τούτων
551 355 580 412 δὲ
597 355 873 434 συγκεκομισμένων,
891 359 947 414 τῶν

138 439 402 518 ύπερθαλασσιδίων
428 442 525 521 χείρων
550 442 586 501 τά
608 442 685 518 μέσα
711 440 784 521 ὀργᾷ
808 443 946 522 συγκομί-

140 528 246 598 ζεσθαι,
272 529 309 588 τά
335 531 456 605 βουνούς
483 530 628 589 καλέουσι·
663 529 891 610 συγκεκόμισταί
914 555 948 589 τε

140 613 220 678 οὗτος
238 616 254 675 ὀ
269 618 358 694 μέσος
374 618 481 695 καρπός
498 620 545 677 καὶ
557 618 574 678 ὀ
585 622 666 697 ἐντῇ
685 617 879 694 κατυπερτάτῃ
894 623 947 694 τῆς

139 709 192 784 γῆς
208 707 374 766 πεπαίνεταί
383 732 414 766 τε
428 708 474 765 καὶ
492 706 574 788 ὀργᾷ·
596 706 668 766 ὥστε
687 706 842 766 ἐκπέποταί
851 731 884 764 τε
898 707 947 764 καὶ

140 795 356 872 καταβέβρωται
376 795 393 856 ὀ
414 799 523 873 πρῶτος
547 796 659 872 καρπός,
682 796 727 852 καὶ
748 793 764 852 ὀ
784 797 947 856 τελεῑπαῖος

140 885 391 965 συμπαραγίνεται.
433 883 504 944 οὕτω
522 883 565 942 ἐπ’
579 883 651 943 ὀκτώ
662 887 752 960 μῆνας
768 883 947 958 Κυρηναίους

140 969 236 1048 ὀπώρη
250 974 353 1050 ἐπέχει.
373 976 462 1032 ταῦτα
474 973 527 1049 μέν
540 999 589 1032 νυν
600 973 646 1030 ἐπὶ
658 975 798 1031 τοσοῦτον
812 969 947 1046 εἰρήσθω.

92 1059 152 1115 200
194 1061 232 1117 Οἱ
249 1059 280 1116 δὲ
296 1060 450 1137 Φερετίμης
466 1060 583 1137 τιμωροὶ
601 1061 714 1136 Πέρσαι
733 1059 795 1116 ἐπεί
805 1084 837 1117 τε
852 1063 883 1118 ἐκ
896 1063 950 1134 τῆς

141 1144 284 1226 Αἰγύπτου
301 1148 453 1212 σταλέντες
469 1147 525 1208 ὖπό
540 1151 592 1207 τοῦ
603 1145 759 1224 Ἀρυάνδεω
776 1144 901 1205 ἀπίκατο
921 1152 950 1210 ἐς

139 1233 191 1309 τάν
209 1234 331 1313 Βάρκην,
345 1236 525 1314 ἐπολιόρκεον
536 1235 589 1312 τὴν
605 1235 690 1294 πόλιν
703 1232 950 1314 ἐπαγγελλόμενοι

144 1322 280 1383 ἐκδιδόναι
299 1324 364 1387 τούς
384 1325 488 1387 αἰτίους
508 1329 558 1384 τοῦ
580 1322 668 1400 φόνου
690 1325 740 1381 τοῦ
762 1320 948 1398 Ἀρκεσίλεω·

139 1415 196 1471 τῶν
209 1411 240 1471 δέ
252 1416 309 1473 πᾶν
317 1412 374 1494 γάρ
385 1411 422 1488 ἦν
434 1412 468 1472 τό
477 1413 588 1488 πλῆθος
597 1411 746 1488 μεταίτιον,
757 1409 809 1468 οῦκ
818 1410 949 1470 ἐδέκοντο

140 1498 206 1563 τούς
228 1500 339 1582 λόγους,
360 1501 479 1560 ἐνθαῦτα
499 1500 534 1576 δή
556 1497 737 1575 ἐπολιόρκεον
755 1497 807 1574 τὴν
831 1498 949 1575 Βάρκην

142 1587 190 1644 ἐπὶ
203 1592 294 1664 μῆνας
309 1589 395 1659 ἐννέα,
415 1587 586 1665 ὀρύσσοντές
604 1613 636 1646 τε
657 1585 802 1667 ὀρύγματα
821 1584 948 1664 ὀπάγαια

145 1674 268 1752 φέροντα
295 1680 323 1738 ἐς
344 1675 378 1735 τό
404 1679 498 1756 τεῖχος
523 1676 571 1735 καὶ
603 1673 774 1753 προσβολάς
812 1675 948 1753 καρτεράς

142 1761 310 1839 ποιεύμενοι.
335 1762 373 1822 τά
384 1766 438 1840 μέν
454 1790 503 1825 νυν
520 1764 667 1846 ὀρύγματα
679 1762 750 1839 ἀνῆρ
763 1762 885 1843 χαλκεύς
899 1763 947 1823 α’ν-

143 1853 206 1928 εῦρε
221 1850 364 1931 ἐπιχάλκω
380 1851 490 1923 ἀσπίδι,
505 1851 557 1912 ὦδε
574 1852 768 1929 ἐπιφρασθείς·
788 1852 948 1928 περιφέρων

143 1936 231 2015 αύτῆν
247 1938 325 2004 ἔντός
340 1944 391 2001 τοῦ
404 1942 512 2020 τείχεος
527 1941 672 2019 προσίσχε
690 1940 761 2016 πρός
776 1940 809 1999 τό
826 1937 947 2000 δάπεδον

144 2031 194 2103 τῆς
216 2027 325 2092 πόλιος·
352 2028 390 2089 τά
409 2032 462 2105 μὲν
483 2028 517 2103 δὴ
540 2027 618 2087 ἀλλα
640 2029 705 2087 ἔσκε
732 2027 814 2103 κωφά
835 2026 906 2104 πρός
928 2026 947 2087 ἀ

144 2118 296 2196 προσέσχε,
312 2116 383 2177 κατά
400 2116 431 2175 δέ
445 2116 480 2176 τά
496 2115 678 2194 ὀρυσσόμενα
690 2114 796 2194 ἤχεσκε
809 2114 825 2174 ὀ
837 2115 946 2194 χαλκός

144 2208 194 2279 τῆς
205 2204 335 2269 ἀσπίδος·
355 2203 577 2282 ἀντορύσσοντες
590 2204 613 2263 δ’
624 2202 657 2264 ἂν
669 2203 757 2282 ταύτῃ
771 2208 797 2263 οἱ
810 2208 947 2281 Βαρκαῖοι

144 2291 263 2353 ἔκτεινον
273 2296 329 2354 τῶν
342 2294 477 2370 Περσέων
488 2292 554 2355 τούς
566 2293 776 2373 γεωρυχέοντας.
799 2295 882 2352 τοῦτο
895 2295 947 2369 μὲν

144 2377 178 2453 δὴ
192 2378 264 2439 οὕτω
274 2381 411 2457 ἐξευρέθη·
431 2380 483 2444 τάς
495 2381 525 2439 δέ
537 2381 709 2457 προσβολάς
719 2379 907 2458 ἀπεκρούοντο
920 2382 946 2440 οἶ

98 2468 153 2524 201
164 2470 308 2543 Βαρκαῖοι.
350 2467 461 2544 Χρόνον
477 2469 507 2527 δὲ
523 2469 557 2545 δὴ
572 2466 684 2528 πολλόν
695 2469 879 2546 τριβομένων,
901 2469 947 2527 καὶ

144 2552 301 2614 πιπτόντων
320 2552 486 2632 ἀμφοτέρων
505 2560 623 2629 πολλῶν
644 2557 690 2615 καὶ
711 2555 761 2616 ούκ
781 2554 877 2632 ἧσσον
891 2561 947 2616 τῶν

145 2642 287 2719 Περσέων,
295 2640 422 2720 Ἀμασις
434 2642 450 2702 ὀ
464 2644 623 2725 στρατηγός
632 2648 682 2704 τοῦ
692 2645 777 2715 πεζοῦ
787 2648 947 2722 μηχανᾶται

144 2730 246 2791 τοιάδε·
262 2730 360 2809 μαθόν
371 2730 438 2795 τούς
446 2733 611 2810 Βαρκαίους,
626 2733 661 2795 ὦς
672 2731 741 2791 κατά
755 2734 807 2808 μὲν
820 2732 854 2791 τὰ
869 2737 946 2811 ἰσχυ-

144 2818 196 2894 ρόν
212 2818 263 2878 οὐκ
280 2819 385 2897 αἱρετοὶ
403 2820 457 2880 εἶεν
475 2821 549 2899 δόλῳ
567 2820 597 2879 δὲ
613 2820 725 2897 αἱρετοὶ,
739 2820 827 2878 ποιέει
843 2820 946 2879 τοιάδε·

144 2905 241 2969 νυκτός
253 2906 363 2983 τάφρον
375 2907 475 2983 ὀρύξας
488 2907 593 2984 εύρέην,
608 2908 728 2967 ἐπέτεινε
741 2907 812 2976 ξύλα
826 2906 947 2967 ἀσθενέα

143 2989 214 3067 ἀπέρ
230 2992 324 3066 αύτῆς·
345 2994 498 3072 κατύπερθε
511 2994 542 3053 δὲ
555 2999 693 3071 ἐπιπολῆς
705 2999 760 3055 τῶν
774 2995 865 3065 ξύλων
877 3000 947 3075 χοῦν

143 3080 196 3153 γῆς
214 3079 503 3161 ἐπεφόρησερποιέων
517 3086 554 3160 τῇ
573 3081 650 3161 ἄλλῃ
666 3088 705 3163 γῇ
726 3082 867 3143 ἰσόπεδον·
889 3082 947 3159 ἅμα

142 3158 233 3236 ἡμέρῃ
251 3163 282 3221 δὲ
294 3169 322 3225 ἐς
334 3165 439 3245 λόγους
456 3170 643 3243 προεκαλέετο
656 3170 721 3234 τούς
734 3172 898 3247 Βαρκαίους·
921 3174 946 3229 οἶ

143 3241 174 3297 δὲ
193 3244 349 3311 ἆσπσατῶς
364 3250 536 3324 ύπόκουσαν,
559 3258 587 3317 ές
608 3255 624 3314 ὅ
645 3264 702 3331 σφι
723 3259 785 3316 ἕαδε
804 3256 945 3337 ὀμολογίῃ
