2150 3500
154 103 202 150 τοο
455 99 639 150 ἨυοΔουου
900 98 962 162 [ιν.

153 208 219 246 τους
232 186 285 259 μὲν
301 181 337 256 &J
353 180 478 261 ύπάγειν,
491 179 526 256 ἢν
539 179 584 238 ἐπὶ
602 181 686 240 τοῦτο
701 179 843 255 τράπηται
856 179 874 240 ά
889 181 965 256 Πέρ-

154 295 217 345 σης,
226 271 270 331 ἰθύ
283 269 416 332 Τανάϊδος
429 273 558 344 ποταμοῦ
572 268 649 345 παρὰ
661 267 713 343 τὴν
720 271 848 342 Μαιῆτιν
857 266 965 344 λίμνην

153 357 373 439 ύποφεύγοντας,
386 355 594 420 άπελαύνοντός
610 381 641 416 τε
658 358 711 416 τοῦ
726 355 858 432 Πέρσεω,
873 355 964 416 ἐπιόν-

152 470 203 510 τος
222 446 338 506 διιύκειν.
371 445 441 520 αύτη
458 444 511 521 μέν
523 450 582 521 σφι
597 444 650 522 μία
662 441 698 518 ἦν
709 447 797 520 μοῖρα
810 448 863 519 τῆς
876 446 963 520 βασι-

153 534 243 610 ληίης,
256 533 411 613 τεταγμένη
423 532 528 608 ταύτην
541 531 593 608 τὴν
607 530 673 592 όδὸν
685 529 759 609 ᾗπερ
773 532 894 608 εἴρηται·
913 532 964 596 τάς

152 621 183 680 δὲ
206 620 256 680 δύο
275 624 331 681 τῶν
354 620 524 697 βασιληίων,
545 619 597 694 τήν
618 644 649 678 τε
669 618 799 698 μεγάλην
819 622 872 694 τῆς
893 619 964 698 ἦρχε

152 706 331 785 Ἰδάνθυρσος
347 708 394 766 καὶ
412 707 464 782 τὴν
482 707 579 783 τρίτην
592 711 643 782 τῆς
661 706 817 782 ἐβασίλευε
831 708 963 777 Τάξακις,

153 795 347 859 συνελθούσας
361 799 389 859 ἐς
401 795 500 865 τώυτό,
514 795 561 855 καὶ
574 799 707 856 Γελωνῶν
714 820 746 855 τε
760 795 808 853 καὶ
822 796 965 856 Βουδίνων

151 886 386 963 προσγινομένων,
399 883 504 960 ἡμέρης
519 883 566 942 καὶ
585 882 700 946 τούτους
714 881 769 961 ὁδῷ
786 884 963 962 προέχοντας

152 976 208 1032 τῶν
224 973 359 1049 Περσέων
377 970 534 1052 ύπεξάγειν,
550 970 730 1034 ύπιόντας·τε
749 971 795 1030 καὶ
814 977 963 1037 ποιεῦντας

129 1059 187 1122 ,τά
206 1061 431 1137 βεβουλευμένα.
464 1063 562 1135 πρῶτα
581 1059 634 1135 μέν
654 1085 702 1119 νυν
723 1057 843 1139 ύπάγειν
866 1061 964 1137 σφέας

154 1146 200 1208 ἰθύ
223 1151 279 1208 τῶν
299 1148 410 1227 χωρέων
435 1150 491 1206 τῶν
516 1145 710 1224 ἀπειπαμένων
735 1146 788 1222 τὴν
816 1150 963 1226 σφετέρην

151 1237 325 1314 συμμαχίην,
344 1234 403 1317 [ἵνα
423 1235 469 1294 καὶ
488 1231 603 1298 τούτους
623 1234 868 1318 ἐκπολεμώσωσι]
891 1239 962 1297 εἰδὲ

151 1322 193 1400 μὴ
205 1323 314 1387 ἑκόντες
325 1349 359 1405 γε
373 1322 517 1383 ύπέδυσαν
528 1322 579 1383 τόν
597 1322 723 1400 πόλεμον
735 1323 786 1384 τόν
798 1323 872 1402 πρός
886 1327 961 1403 Πέρ-

152 1437 215 1484 σας,
243 1409 310 1470 M
337 1409 454 1474 ἄκοντος
481 1413 689 1488 ἐκπολεμῶσαι·
719 1411 791 1488 μετοῖ
818 1412 848 1470 δὲ
874 1417 962 1473 τοῦτο

152 1497 344 1575 ύποστρέφειν
367 1505 395 1563 ἐς
415 1499 467 1576 τήν
493 1500 645 1576 σφετέρην,
666 1499 713 1558 καὶ
739 1501 906 1578 ἐπιχειρέειν
924 1500 961 1577 ἢν

106 1586 206 1661 121δῆ
225 1588 461 1665 βουλευομένοισι
480 1587 572 1667 δοκέῃ.
605 1591 701 1648 Ταῦτα
720 1590 747 1648 οἱ
768 1587 876 1652 Σκύθαι
889 1592 961 1665 βου-

152 1674 322 1752 λευσάμενοι
337 1675 505 1753 ὑπηντίαζον
519 1675 572 1755 τήν
590 1678 710 1754 Δαρείου
730 1676 876 1755 στρατιήν,
890 1704 960 1755 προ-

152 1761 272 1840 δρόμους
291 1763 512 1828 ἀποστείλαντες
530 1768 585 1825 τῶν
607 1766 711 1826 ἱππέων
727 1765 793 1828 τούς
813 1765 959 1843 ἀρίστους.

150 1850 201 1915 τάς
214 1851 244 1910 δὲ
256 1851 367 1929 ἀμάξας
380 1858 409 1913 ἐν
421 1853 493 1931 τῇσί
508 1859 565 1929 σφι
581 1853 706 1913 διαιτᾶτο
718 1853 755 1914 τὰ
767 1854 851 1914 τέκνα
863 1881 898 1915 τε
911 1858 960 1915 καὶ

152 1942 182 1999 αἱ
196 1944 325 2021 γυναῖκες
341 1944 441 2012 πεῖσαι,
456 1942 556 2002 καὶτὰ
573 1941 715 2020 πρόβατα,
729 1942 806 2018 πλὴν
825 1942 884 2003 ὅσα
900 1952 960 2020 σφι

153 2032 181 2091 ἐς
194 2029 311 2107 φορβὴν
323 2030 404 2091 ἱκανοὶ
416 2029 451 2107 ἦν
462 2034 591 2091 τοσαῦτα
603 2029 814 2107 ύπολιπόμενοι,
827 2030 864 2091 τά
877 2030 960 2092 ἄλλα

152 2116 211 2194 ἅμα
224 2122 294 2197 τῇσι
311 2119 438 2199 ἁμάξῃσι
451 2118 638 2197 προέπεμψαν
655 2117 842 2195 ἐντειλάμενοι
854 2120 911 2179 αἰεὶ
922 2121 959 2181 τό

152 2205 224 2282 πρός
235 2208 329 2284 βορέω
343 2208 476 2269 ἐλαύνειν.
508 2211 598 2267 ταῦτα
610 2209 662 2285 μὲν
675 2206 710 2283 δὴ
724 2208 936 2284 προεκομίζετο.

106 2296 162 2351 122
204 2299 266 2354 Τῶν
286 2295 317 2355 δὲ
343 2297 470 2361 Σκυθέων
491 2298 518 2356 οἱ
538 2294 695 2373 πρόδρομοι
722 2295 758 2359 οἷς
784 2292 864 2372 εὗρον
891 2297 959 2362 τούς

153 2383 269 2457 Πέρσας
288 2382 359 2443 ὅσον
371 2410 403 2444 τε
414 2387 497 2460 τριῶν
512 2382 636 2462 ἡμερέων
648 2381 714 2445 ὁδόν
727 2382 885 2462 ἀπέχοντας
897 2384 957 2445 άπὸ

151 2473 201 2527 τοῦ
209 2467 332 2548 Ἴστρου,
347 2468 425 2530 οὗτοι
436 2473 489 2547 μὲν
501 2471 616 2534 τούτους
635 2470 768 2548 εύρόντες,
783 2471 887 2549 ἡμέρης
900 2472 958 2553 ὁδῷ

151 2555 317 2636 προέχοντες
328 2558 604 2634 ἐστρατοπεδεύοντο,
612 2557 649 2619 τοὶ
662 2564 692 2618 ἐκ
705 2562 755 2635 τῆς
763 2563 816 2640 γῆς
825 2560 957 2636 φυόμενα

151 2645 316 2707 λεαίνοντες.
355 2648 383 2705 οἱ
395 2646 426 2705 δὲ
438 2647 551 2723 Πέρσαι
565 2645 601 2710 οἷς
614 2646 688 2706 εἶδον
700 2651 887 2721 ἐπιφανεῖσαν
899 2653 956 2710 τῶν

154 2733 281 2798 Σκυθέων
294 2732 347 2810 τήν
363 2735 457 2807 ἵππον,
473 2734 594 2810 ε’π·η’ἳσαν
607 2734 678 2794 κατὰ
697 2734 801 2810 στίβον
813 2734 868 2793 αἰεὶ
884 2735 956 2795 ύπα-

151 2822 267 2903 γόντων·
288 2823 334 2883 καὶ
352 2825 454 2894 ἔπειτα,
467 2821 539 2900 πρός
555 2822 611 2904 γάρ
624 2821 676 2899 τὴν
688 2823 823 2900 μίανπῶν
834 2824 956 2900 μοιρέων

151 2911 260 2979 ἴθυσαν,
277 2914 305 2970 οἱ
324 2912 438 2987 Πέρσαι
456 2911 567 2971 ἐδίωκον
584 2908 655 2987 πρδς
669 2909 711 2986 ἠῶ
726 2936 757 2970 τε
775 2910 821 2969 καὶ
834 2914 886 2970 τοῦ
899 2916 955 2970 Τα-

150 2994 251 3057 νάϊδος·
271 2996 429 3071 διαβάντων
441 2998 471 3055 δὲ
483 2996 588 3057 τούτων
599 2997 650 3056 τόν
662 2997 766 3058 Τάναϊν
776 2996 916 3074 ποταμόν,
927 3003 955 3059 οἱ

151 3080 263 3152 Πέρσαι
282 3082 477 3157 ἐπιδιαβάντες
492 3083 616 3141 ἐδίωκον·
638 3087 666 3145 ἐς
680 3084 713 3143 τό
731 3088 786 3143 τῶν
803 3085 955 3161 Σαυρομα·

149 3161 218 3218 τέων
236 3164 289 3237 τὴν
305 3165 400 3241 χόρην
420 3167 606 3247 διεξελθόντες
625 3168 759 3230 α’πίκοντο
778 3176 807 3233 ἐς
824 3170 877 3245 τὴν
898 3175 955 3231 τῶν

102 3239 159 3293 123
169 3246 315 3307 Βουδίνων.
344 3250 439 3310 Ὅσον
457 3254 510 3327 μὲν
526 3251 562 3327 δή
579 3255 682 3332 χρόνον
694 3260 722 3316 οἶ
738 3258 850 3334 Πέρσαι
865 3256 954 3333 ἥῖσαν

38 3359 65 3391 ι

79 3421 88 3446 ι
