2150 3500
188 109 238 160 ιιι
289 155 292 161 ,
493 107 680 166 Ἦυοιουου
947 103 1000 172 [ιι

186 188 250 266 μόν,
267 188 313 248 καί
330 187 483 266 Μάκρωνες
498 189 526 247 οἰ
543 185 672 247 τούτοισι
684 185 883 268 άστιγείτονες
897 185 1000 259 ἐόντες,

187 274 245 336 άπδ
259 276 382 356 Κόλχων
403 276 477 352 φασὶ
497 275 597 335 νεωστὶ
617 273 817 354 μεμαθηκέναι·
847 272 932 335 οὗτοι
944 275 1000 356 γάρ

189 368 245 423 εἰσι
263 366 290 423 οἰ
305 362 536 441 περιταμνόμενοι
552 360 703 438 άνθριύπων
718 365 828 440 μοῦνοι.
858 363 910 421 καὶ
924 361 1000 423 οὗτοι

189 452 370 533 Αἰγυπτίοισι
399 450 546 527 φαίνονται
576 453 718 514 ποιεῦντες
747 449 819 509 κατά
850 448 890 510 τά
919 449 999 522 αὐτὰ,

190 539 281 600 αύτῶν
300 540 331 599 δέ
351 538 511 620 Αἰγυπτίων
531 539 578 597 καί
598 536 740 598 Αἰθιόπων
761 535 812 596 ούκ
833 538 891 616 ἔχω
913 541 1000 598 εἰπεῖν

190 626 315 703 ὁκότεροι
335 626 411 703 παρά
431 629 487 686 τῶν
507 624 606 702 ἐτέρων
627 623 771 702 ἐξέμαθον·
799 623 925 704 άρχαῖον
943 625 999 706 γάρ

189 713 225 789 δή
244 740 272 774 τι
292 715 421 790 φαίνεται
441 712 497 774 ἐόν·
527 712 563 777 οἷς
582 711 605 773 δ
627 711 841 792 ἐπιμισγόμενοι
861 711 999 793 Αἰγύπτῳ

190 801 333 877 ἐξέμαθον,
360 799 435 881 μέγα
460 826 510 877 μοι
539 801 585 860 καὶ
610 798 675 861 τόδε
700 797 851 876 τεκμήριον
876 801 997 880 γίνεται·

188 888 322 949 Φοινίκων
348 887 447 948 όκύσοι
469 892 505 966 τῇ
527 886 648 948 Ἑλλάδι
672 887 879 966 ἐπιμίσγονται,
906 884 998 948 ούκέτι

188 974 356 1055 Αἰγυπτίους
382 973 531 1053 μιμέονται
558 975 630 1036 κατὰ
652 973 688 1036 τιί
710 973 810 1044 αἰδοῖα,
836 971 920 1032 άλλά
941 978 997 1035 τῶν

142 1065 199 1124 105
208 1063 406 1145 ἐπιγινομένων
423 1061 459 1124 ὀύ
486 1062 689 1141 περιτάμνουσι
714 1061 752 1123 τά
778 1060 881 1121 αἰδοῖα.
925 1061 997 1140 Φέρε

187 1153 295 1211 νυν-καί
307 1151 383 1211 άλλο
397 1152 465 1212 εἴπω
477 1153 543 1229 περὶ
553 1155 611 1223 Ιτῶν
621 1150 753 1230 Κόλχων,
765 1147 801 1214 ὥς
808 1149 996 1230 Αἰγυπτίοισι

187 1239 363 1317 προσφερέες
380 1239 445 1300 εἰσί.
487 1239 567 1299 λίνον
582 1241 682 1315 μοῦνοι
698 1234 778 1298 οὗτοί
793 1260 825 1297 τε
842 1236 890 1295 καὶ
910 1236 994 1319 Αἰγύ-

187 1351 265 1387 πτιοι
278 1326 440 1408 ἐργάζονται
453 1325 525 1386 κατοί
535 1325 573 1386 τό
586 1324 665 1385 αὐτό.
693 1323 739 1383 καί
751 1322 772 1399 ἦ
786 1321 837 1399 ζόη
851 1326 937 1384 πᾶσα
948 1324 993 1384 καί

186 1413 206 1489 ἦ
220 1418 343 1495 γλῶσσα
354 1411 478 1490 ἐμφερής
491 1417 554 1472 ἐστι
566 1411 732 1488 ἀλλήλοισι.
759 1411 839 1471 λίνον
853 1410 883 1470 δὲ
897 1411 933 1472 τό
941 1414 999 1488 μὲν

187 1499 719 1579 Κολχικόν,όπόἙλλήνωνΣαρδονικόν
727 1497 871 1574 κέκληται·
884 1499 921 1559 τό
928 1500 992 1576 μέν·

186 1587 291 1649 ποιεῖτ’
305 1587 450 1667 Αἰγύπτου
462 1585 660 1664 ἀπικνεύμενον
675 1584 804 1646 καλέεται
816 1584 984 1667 Αἰγύπτιον.
1047 1633 1048 1640 1

141 1677 198 1737 106
228 1673 514 1751 Τάςδέστήλαςτοὶς
533 1674 601 1734 ἵστα
621 1672 755 1738 κατοῖτάς
769 1672 863 1754 χόρος
876 1672 893 1734 ό
907 1676 992 1757 Αἰγύ-
1047 1653 1048 1720 ἰ

186 1788 258 1824 mov
280 1761 421 1839 βασιλεῦς
443 1761 614 1840 Σέσωστρις,
638 1766 669 1823 αἰ
688 1765 741 1840 μὲν
760 1766 878 1826 πλεῦνες
899 1762 991 1824 ου’κέτι
1046 1800 1047 1869 γ

185 1852 333 1928 φαίνονται
353 1852 526 1928 περιεοῦσαι·
548 1854 578 1910 ἐν
595 1851 626 1909 δὲ
645 1852 681 1929 τῇ
697 1850 881 1929 Παλαιστίνῃ
903 1852 990 1931 Συρίῃ
1045 1916 1046 1927 2

184 1937 267 2003 αύτὸς
287 1937 367 2016 ὅρεον
383 1936 492 2008 ἐούσας,
507 1938 554 1997 καὶ
572 1938 609 1999 τοὶ
627 1936 781 2018 γράμματα
799 1938 836 1998 τά
857 1938 990 2016 εἰρημένα
1045 1928 1046 2018 ἰ

184 2026 303 2099 ἐνεόντα,
330 2027 377 2087 καὶ
403 2025 535 2107 γυναικός
564 2024 666 2085 αἰδοῖα.
707 2026 764 2086 εἰσὶ
794 2025 825 2085 δὲ
851 2025 899 2084 καὶ
925 2028 988 2103 περὶ

182 2113 289 2191 Ἰωνίην
301 2116 351 2178 δύο
364 2112 449 2175 τύποι
462 2118 492 2172 ἐν
501 2110 623 2191 πέτρῃσι
637 2111 875 2193 ἐγκεκολαμμένοι
886 2112 988 2174 τούτου
1044 2084 1045 2169 ἰ

182 2205 233 2261 τοῦ
245 2200 352 2287 ἀνδρός,
363 2204 400 2279 τῇ
412 2226 444 2260 τε
457 2203 488 2258 ἐκ
500 2203 551 2276 τῆς
560 2198 697 2275 Ἐφεσίης
711 2204 738 2262 ἐς
751 2197 880 2259 Φώκαιαν
893 2200 987 2279 ἔρχον-

182 2313 238 2358 ται,
259 2288 305 2347 καὶ
324 2291 361 2365 τῇ
381 2293 413 2347 ἐκ
433 2285 558 2363 Σαρδίων
579 2291 606 2350 ἐς
626 2285 938 2364 Σμύρνην·“ἐκατέρωθι
957 2288 987 2347 δὲ
1042 2336 1043 2345 ,

183 2374 255 2450 άνῆρ
274 2373 471 2455 ἐγγέγλυπται,
487 2372 611 2454 μέγαθος
625 2373 755 2451 πέμπτης
774 2373 930 2451 σπιθαμῆς,
949 2380 986 2455 τῇ

182 2463 234 2536 μέν
253 2460 329 2537 δεξιῇ
349 2460 412 2538 χερὶ
432 2460 505 2538 ἔχων
526 2460 631 2539 αἰχμήν
650 2464 687 2540 τῇ
707 2462 737 2520 δέ
756 2459 891 2540 ἀριστερῇ
907 2461 984 2533 τόξα,

183 2547 229 2606 καὶ
241 2541 294 2623 τὴν
307 2545 400 2622 ἄλλην
413 2545 517 2623 σκευὴν
533 2545 673 2611 ὦσαύτως·
695 2549 741 2608 καί
756 2547 813 2629 γάρ
829 2550 985 2630 Αἰγυπτίην

182 2635 229 2693 καί
245 2634 396 2694 Αἰθιοπίδα
416 2635 483 2714 ἔχει·
504 2639 536 2695 ἐκ
555 2634 587 2695 δὲ
605 2639 657 2696 τοῦ
676 2635 752 2713 ὤμου
773 2640 802 2701 ἐς
820 2635 871 2697 τδν
892 2635 984 2715 ἕτερον

182 2720 258 2800 ὦμον
284 2722 330 2782 διὰ
353 2726 409 2783 τόν
436 2722 562 2798 στηθέων
590 2720 743 2803 γράμματα
770 2721 817 2800 ἰριί
843 2724 983 2805 Αἰγύπτια

182 2809 270 2885 διήκει
282 2808 517 2891 ἐγκεκολαμμένα,
530 2808 651 2891 λέγοντα
662 2810 737 2871 τάδε·
758 2815 834 2870 ΕΓΩ
847 2816 981 2871 ΤΗΝΔΕ

181 2902 265 2956 ΤΗΝ
291 2902 430 2957 ΧΩΡΗΝ
455 2898 597 2961 ΩΜΟῙΣῙ
622 2897 728 2960 ΤΟῙΣῙ
752 2898 894 2962 ΕΜΟῙΣῙ
917 2904 980 2957 ΕΚ-

181 2985 388 3048 ΤΗΣΑΜΗΝ.
428 2981 508 3047 ὅστις
527 2983 559 3041 δέ
579 2981 625 3039 καὶ
649 2981 748 3043 ὁκόθεν
769 2983 839 3053 ἐστὶ,
861 2985 979 3045 ἐνθαῦτα

180 3070 232 3144 μέν
251 3069 284 3128 ού
300 3070 391 3145 δηλοῖ,
404 3068 516 3146 ἑτέρωθι
528 3068 559 3127 δὲ
572 3066 720 3141 δεδήλωκε·
740 3068 775 3129 τά
791 3069 826 3144 δὴ
844 3070 891 3128 καί
903 3096 980 3146 μετε-

181 3152 287 3229 ξέτεροι
302 3160 358 3215 τῶν
371 3153 550 3230 θεησαμένων
563 3151 711 3229 Μέμνονος
725 3155 817 3215 εἰκόνα
838 3156 978 3228 εἰκάζουσί

178 3261 229 3312 μιν
241 3240 320 3310 εἶναι,
332 3241 408 3300 πολύ
421 3244 472 3313 τῆς
483 3237 621 3313 ἀληθηίης
633 3237 880 3317 ἀπολελειμμένοι.
