2150 3500
209 118 260 173 ιιι
517 120 701 171 Ἧνοιοοου
946 120 1001 187 [m

210 201 361 262 Κνωσσίου
374 202 419 261 καὶ
433 204 457 262 εί
469 199 505 276 δή
515 225 559 265 τις
570 200 661 264 ἀλλος
671 196 812 278 πρότερος
828 199 934 263 τούτου
949 200 1002 280 ἦρξε

207 292 258 365 τῆς
271 288 431 365 θαλάσσης·
450 291 502 365 τῆς
515 287 546 347 δέ
558 286 734 365 ἀνθρωπηίης
747 290 912 369 λεγομένης
922 294 1004 371 γενεής

207 376 393 455 Πολυκράτης
410 377 474 437 ἐστὶ
484 380 603 453 πρῶτος,
616 376 731 440 ἐλπίδας
743 376 866 441 πολλάς
879 379 948 456 ἔχων
957 377 1003 437 Ἰω

206 466 265 541 νίης
281 490 314 525 τε
331 466 378 524 καὶ
397 463 491 540 νήσων
503 462 606 541 ἄρξειν·
625 464 723 540 μαθάν
736 462 777 524 ὧν
788 465 886 525 ταῦτα’
893 491 948 542 μιν
958 466 1004 525 δια

204 552 350 630 νοεύμενον
365 553 382 613 ό
395 552 535 630 Ὀροίτης,
547 552 663 630 πέμψας
678 552 819 633 ἀγγελίην
841 554 925 634 ἔλεγε
940 554 997 613 τόδε

203 650 221 679 ‘⁸
229 640 359 718 Ὀροίτης
376 640 556 718 Πολυκράτει
574 637 626 699 ὧδε
643 641 731 720 λέγει·
752 640 939 717 πυνθάνομαι
956 646 1004 701 ἔτι·

203 728 352 805 βουλεύειν
367 752 403 789 σε
420 728 571 809 πρήγμασι
583 727 744 808 μεγάλοισι,
759 729 808 787 καὶ
820 728 1005 807 χρήματόται

202 814 253 876 ούκ
274 816 343 877 εἶναι
356 814 427 876 κατά
439 818 476 877 τά
490 815 668 893 φρονήματα.
701 815 741 875 σύ
755 819 806 876 νύν
820 813 877 876 ὦδε
891 816 1006 893 ποιήσας

203 901 339 981 ἀρθιύσεις
350 908 402 982 μὲν
415 903 547 974 σεωυτάν,
561 902 665 967 σύσεις
677 903 708 963 δὲ
721 903 768 962 καὶ
782 904 845 980 ἐμέ·
865 904 947 985 (ἐμοὶ
957 906 1005 986 γάρ

199 991 340 1068 βασιλεύς
359 992 524 1069 Καμβύσης
543 992 721 1068 ἐπιβουλεύει
737 992 874 1063 θάνατον,
898 995 949 1054 καί
962 1020 1006 1071 μοι

199 1085 284 1141 τοῦτο
305 1080 504 1162 ἐξαγγέλλεται
525 1079 697 1159 σαφηνέως)
720 1079 758 1139 σύ
781 1083 834 1140 νῦν
857 1084 914 1157 ε’μέ
936 1087 1006 1143 ἐκκο-

199 1169 287 1246 μίσας
302 1168 386 1229 αάτάν
404 1168 451 1227 καὶ
468 1166 609 1247 χρήματα,
622 1167 659 1229 ταὶ
673 1170 726 1244 μὲν
739 1166 834 1227 αι’πῶν
847 1168 938 1233 αύτάς
956 1172 1005 1250 ἔχε,

200 1256 237 1316 τά
249 1256 279 1317 δὲ
292 1260 343 1335 ἐμὲ·
355 1257 385 1315 ἔα
399 1256 481 1334 ἐχειν·
503 1255 604 1315 εἵνεκέν
614 1280 645 1315 τε
657 1254 818 1334 χρημάτων,
828 1254 929 1332 άρξεις
941 1257 1006 1317 ἀπό-

203 1368 258 1422 σης
273 1349 325 1421 τῆς
342 1343 491 1407 Ἑλλάδος·
513 1346 537 1401 εί
553 1343 585 1402 δέ
599 1368 649 1419 μοι
666 1342 809 1407 ἀπιστέεις
822 1342 861 1403 τά
874 1347 1007 1422 περὶτῶν

198 1431 357 1511 χρημάτων,
376 1431 491 1509 πέμψον
510 1429 590 1494 ὅστις
608 1456 655 1490 τοι
677 1429 850 1495 πιστότατος
873 1433 1008 1513 τυγχάνει

153 1519 279 1589 123ἐιδν,
299 1524 338 1597 τῷ
358 1517 412 1600 ἐγιά
432 1516 584 1587 ἀποδέξω.”
617 1522 713 1579 Ταῦτα
732 1516 859 1581 ἀκούσας
876 1518 895 1579 ἀ
913 1525 1008 1580 Πολύ

198 1606 308 1684 κράτης,
321 1607 399 1683 ἥσθη
411 1632 443 1667 τε
456 1607 503 1666 καὶ
516 1606 664 1683 ἐβούλετο·
685 1608 733 1666 καί
743 1632 803 1676 κως,
816 1607 945 1685 ἱμείρετο
953 1609 1008 1690 γάρ

197 1694 348 1774 χρημάτων
362 1694 501 1777 μεγάλως,
514 1694 678 1772 ἀποπέμπει
692 1696 790 1772 πρῶτα
808 1696 1009 1774 κατοψόμενον

197 1781 371 1860 Μαιάνδριον
388 1783 572 1861 Μαιανδρίου,
585 1782 673 1860 ἀνδρα
689 1787 744 1843 τῶν
764 1781 870 1854 ἀστῶν,
885 1783 920 1848 ὅς
931 1784 1008 1862 οίήν

196 1871 422 1952 γραμματιστής·
444 1871 476 1936 ὃς
486 1871 580 1952 χρόνῳ
592 1870 626 1931 ού
638 1873 739 1950 πολλήν
751 1869 875 1948 ὕστερον
887 1872 1005 1944 τούτων,

195 1959 246 2020 τάν
261 1959 370 2037 κόσμον
386 1958 436 2020 τάν
450 1964 480 2018 ἐκ
496 1963 547 2019 τοῦ
563 1959 714 2037 ἀνδρεῶνος
726 1961 778 2018 τοῦ
791 1960 1005 2036 Πολυκράτεος,

197 2047 279 2110 ἐόντα
297 2047 467 2124 ἀξιοθέητον,
481 2045 598 2124 ἀνέθηκε
615 2047 707 2108 πάντα
722 2051 750 2110 ἐς
767 2045 801 2106 τά
819 2045 955 2124 Ἡραῖον.
990 2048 1006 2108 ό

196 2135 227 2197 δὲ
246 2136 375 2215 Ὀροίτης
393 2135 490 2213 μαθῶν
508 2135 561 2196 τάν
580 2135 759 2196 κατάσκοπον
775 2133 857 2194 ἐόντα
878 2137 1006 2213 προσδό-

196 2251 286 2303 κιμον,
303 2226 394 2286 ἐποίεε
413 2223 515 2285 τοιάδε·
536 2222 678 2302 λάρνακας
697 2221 768 2282 ἀκτά
786 2221 950 2300 πληρώσας
963 2226 1007 2285 λί-

199 2314 262 2384 θων,
276 2313 353 2388 πλήν
371 2312 459 2392 κάρτα
473 2311 599 2390 βραχέος
612 2313 665 2370 τοῦ
679 2311 744 2387 περὶ
756 2307 828 2370 αύτά
840 2309 880 2370 τά
891 2318 1006 2391 χείλεα,

196 2404 334 2475 ἐπιπολῆς
348 2403 404 2459 τῶν
416 2400 504 2460 λίθων
515 2397 624 2478 χρυσόν
636 2400 771 2475 ἐπέβαλε·
791 2398 963 2475 καταδήσας
976 2402 1007 2460 δέ

189 2487 246 2550 ’τάς
265 2486 406 2563 λάρνακας
426 2486 485 2567 εἶχε
505 2488 626 2564 ἑτοίμας·
647 2484 737 2546 ἐλθάν
749 2485 780 2545 δὲ
792 2485 809 2546 ὁ
822 2487 1008 2566 Μαιάνδριος

148 2573 261 2639 124καὶ
275 2573 454 2650 θεησάμενος,
466 2573 622 2656 ἀπήγγειλε
633 2577 673 2654 τῷ
685 2571 874 2651 Πολυκράτεϊ.
910 2575 950 2634 ‘0
966 2577 1006 2647 δὲ,

192 2661 291 2723 πολλά
310 2663 362 2739 μὲν
378 2665 434 2723 τῶν
450 2663 576 2739 μαντίων
595 2661 826 2744 ἀπαγορευόντων
845 2662 952 2723 πολλά
976 2665 1008 2724 δὲ

192 2755 248 2813 τῶν
268 2751 368 2828 φίλων,
385 2751 536 2812 ἐστέλλετο
557 2749 640 2814 αύτάς
660 2749 779 2809 ἀπιέναι·
800 2749 872 2826 πρδς
890 2751 932 2821 δὲ,
955 2754 1006 2812 καὶ

195 2836 309 2914 ἰδούσης
323 2841 374 2914 τῆς
390 2837 527 2919 θυγατρός
539 2837 606 2914 ὄψιν
618 2838 747 2898 ἐνυπνίου
758 2837 879 2913 τοιήνδε·
903 2838 1010 2900 ἐδόκεέ

192 2927 220 2982 οἱ
236 2923 288 2984 τόν
306 2925 414 3000 πατέρα
432 2929 461 2983 ἐν
474 2927 514 3002 τῷ
527 2922 590 2999 η’έρι
606 2925 746 3000 μετέωρον
761 2924 851 2994 ἐόντα,
869 2928 1009 2988 λοῦσθαι

189 3012 243 3082 μὲν
258 3009 315 3068 ύπά
327 3015 380 3069 τού
396 3009 473 3080 Διός,
486 3009 618 3086 χρίεσθαι
631 3010 661 3068 δὲ
674 3009 731 3070 ύπά
747 3015 798 3070 τοῦ
813 3011 912 3086 ἡλίου·
931 3017 1009 3075 ταύ-

189 3113 242 3165 την
256 3095 354 3152 ἰδοῦσα
370 3093 422 3169 τήν
435 3093 508 3170 ὄψιν,
523 3097 642 3170 παντοίη
663 3097 769 3176 ἐγίνετο
786 3097 828 3174 μή
847 3097 1009 3178 ἀποδημῆ·

189 3197 241 3232 σαι
254 3177 304 3236 τόν
319 3180 505 3255 Πολυκράτεα
520 3181 599 3258 παρά
610 3182 659 3241 τόν
672 3182 813 3259 Ὀροίτεα·
834 3187 884 3244 καὶ
898 3188 935 3264 δή
954 3191 1009 3249 καὶ

191 3257 279 3320 ἐόντος
297 3261 381 3319 αύτοῦ
397 3265 443 3321 ἐπὶ
458 3265 739 3343 τήννπεντηκόντερον
752 3273 965 3348 ἐπεφημίζετο·
989 3277 1008 3336 ὅ
