2150 3500
92 88 205 155 ιιι-ιι]
430 89 567 141 omn.
843 93 894 145 τοι

93 173 151 231 τῶν
168 166 317 230 κατιόντων
334 166 455 245 Σαμίων,
472 166 572 229 ἐόντων
587 167 699 251 ὀλίγων,
715 169 899 252 ἑσσωθῆναι.)

95 260 152 318 τῶν
165 256 195 317 δὲ
207 254 253 316 ὕπ’
266 259 354 335 ἑωυτῷ
367 254 467 316 ἐόντων
476 256 633 332 πολιητέων
645 256 681 317 τά
693 257 777 318 τέκνα
790 258 836 317 καὶ
848 258 899 323 τάς

97 347 231 427 γυναῖκας
244 343 261 404 ὁ
274 340 460 420 Πολυκράτης
473 347 501 407 ἔς
515 342 581 407 τούς
593 344 756 408 νεωσοίκους
769 344 898 422 συνειλή-

97 458 162 503 σας,
186 432 244 512 είχε
266 432 400 509 ἑτοίμους,
421 429 457 508 ἦν
479 430 534 509 ἄρα
557 432 710 509 προδιδῶσι
733 430 810 493 οὗτοι
829 433 900 510 πρός

95 519 163 583 τούς
174 518 327 590 κατιόντας,
335 518 500 597 ύποπρῆσαι
509 518 621 579 αύτοῖσι
629 523 706 580 τοῖσι
713 522 898 581 νεωσοίκοισι.
921 559 923 562 -

137 607 222 669 Ἐπεί
236 634 268 669 τε
287 607 317 667 δὲ
338 610 365 667 οἱ
385 606 582 676 ἐξελασθέντες
602 607 714 685 Σαμίων
731 606 786 667 ύπὸ
804 612 898 668 Πολυ·
907 609 946 669 46

94 695 212 773 κράτεος
227 695 360 757 ἀπίκοντο
378 699 407 759 ἐς
423 693 476 770 τήν
495 694 636 772 Σπάρτην,
650 695 838 759 καταστάντες
853 696 900 757 ε’πὶ

96 783 165 847 τούς
178 782 317 864 ἄρχοντας
330 783 428 864 ἔλεγον
441 781 547 853 πολλά,
562 782 608 841 οἶα
620 782 708 860 κάρτα
722 783 855 860 δεόμενοι·
872 786 900 844 οἶ

96 870 131 931 δέ
149 877 205 949 σφι
222 876 258 950 τῇ
278 869 374 949 πρύτη
393 869 567 930 καταστάσει
583 869 773 948 ύπεκρίναντο,
789 870 825 930 τά
846 873 900 947 μὲν

94 963 196 1037 πρῶτα
208 960 347 1039 λεχθέντα
360 957 555 1033 ε’πιλεληθέναι
569 957 605 1018 τά
618 958 648 1017 δὲ
661 956 765 1035 ὕστερα
777 956 810 1017 ού
823 984 899 1019 συνι·

96 1047 168 1107 έναι.
201 1047 274 1124 μετά
287 1046 318 1105 δὲ
330 1048 425 1116 ταῦτα,
436 1044 550 1123 δεύτερα
562 1044 750 1109 καταστάντες
760 1044 835 1105 ι’ίλλο
846 1049 900 1123 μὲν

97 1134 180 1196 εἶπον
201 1132 287 1205 ούδὲν,
308 1134 430 1195 θύλακον
452 1133 482 1193 δὲ
502 1135 635 1211 φέροντες
654 1135 766 1209 ἔφασαν
785 1134 835 1194 τόν
854 1132 900 1195 θύ-

96 1226 189 1283 λακον
210 1220 338 1298 ἀλφίτων
358 1221 480 1282 δέεσθαι·
502 1224 529 1281 οἱ
545 1221 576 1281 δέ
591 1228 647 1297 σφι
664 1219 844 1299 ύπεκρίναντο
861 1225 900 1301 τῷ

70 1390 73 1395 ¹
97 1310 212 1391 θυλάκῳ
224 1307 379 1393 περιεργάσ
397 1334 435 1369 αι·
455 1309 587 1385 βοηθέειν
600 1307 624 1369 δ’
637 1306 674 1368 ὧν
690 1308 766 1378 ἔδοξε
779 1306 899 1369 αι’ντοῖσι.

96 1398 159 1458 Καὶ
174 1400 268 1460 ἔπειτα
287 1396 569 1475 παρασκευασάμενοι
589 1393 789 1475 ἐστρατεύοντο
808 1396 944 1458 Anne-47

96 1486 238 1563 δαιμόνιοι
250 1487 297 1546 ε’πὶ
310 1484 416 1563 Σάμον·
436 1484 472 1549 ιύς
483 1486 536 1562 μὲν
549 1483 651 1562 Σάμιοι
663 1485 782 1565 λέγουσι
795 1481 900 1564 εύεργε·

96 1574 165 1639 σίας
178 1574 336 1644 ἐκτίνοντες,
349 1571 393 1634 ὅτι
406 1578 463 1650 σφι
475 1571 607 1650 πρότεροι
623 1571 702 1634 αὐτοὶ
715 1571 798 1649 νηυσὶ
816 1570 900 1647 ἐβοή-

96 1662 193 1737 θησαν
203 1661 248 1721 έπὶ
258 1661 448 1737 Μεσσηνίους·
463 1659 499 1725 ὦς
512 1661 543 1721 δὲ
551 1659 765 1738 Λακεδαιμόνιοι
773 1660 900 1741 λέγουσι,

97 1749 152 1810 ούκ
169 1749 240 1812 οὕτω
253 1753 412 1828 τιμωρῆσαι
428 1749 586 1826 δεομένοισι
604 1750 737 1826 Σαμίοισι
755 1748 900 1825 ε’στρατεύ-
925 1749 928 1754 ’

98 1863 175 1908 οντο,
198 1837 234 1902 ὦς
255 1838 393 1899 τίσασθαι
418 1837 591 1915 βουλόμενοι
613 1841 664 1899 τοῦ
686 1840 824 1914 κρητῆρος
849 1839 901 1912 τῆς

96 1925 230 2008 ἁρπαγῆς
251 1925 302 1987 τόν
323 1925 394 2008 ἦγον
418 1925 542 2005 Κροίσῳ,
563 1926 610 1984 καὶ
632 1929 682 1987 τοῦ
706 1925 829 2002 θώρηκος
850 1926 901 1986 τόν
950 1969 955 1975 .

98 2013 346 2091 αι’ττοῖσιἊμασις
355 2013 371 2074 ὀ
381 2013 525 2095 Αἰγύπτου
537 2011 677 2089 βασιλεύς
687 2013 793 2091 ἔπεμψε
803 2012 900 2090 δῶρον·

99 2102 148 2162 καὶ
167 2101 223 2184 γάρ
242 2101 353 2179 θώρηκα
373 2100 523 2176 ἐληίσαντο
543 2104 582 2179 τῷ
599 2101 724 2179 προτέρῳ
740 2101 795 2159 ἔτεί
813 2097 832 2174 ἢ
850 2099 901 2160 τόν

99 2193 227 2267 κρητῆρα
245 2192 272 2249 οἱ
290 2188 400 2266 Σάμιοι,
415 2187 495 2250 ε’ύντα
512 2189 564 2264 μὲν
579 2189 672 2248 λίνεον
688 2187 734 2247 καὶ
752 2185 826 2265 ζῴων
843 2190 901 2246 ε’νυ-

102 2278 257 2355 φασμένιον
286 2280 406 2356 συχνῶν,
433 2276 643 2353 κεκοσμημένον
671 2274 701 2334 δὲ
732 2277 830 2353 χρυσῷ
855 2273 902 2332 καὶ

102 2366 216 2442 εἰρίοισι
232 2364 289 2424 άπὸ
306 2365 402 2434 ξύλου.
435 2363 534 2424 τῶνδὲ
552 2362 642 2423 εἵνεκα
661 2361 808 2439 θωυμάσαι
824 2361 902 2446 άξιον

100 2452 242 2530 ἁρπεδόνη
265 2452 370 2528 ἑκάστη
390 2455 441 2513 τοῦ
462 2450 586 2528 θύρηκος
610 2451 708 2511 ποιέει·
735 2453 822 2511 ἐοῦσα
847 2449 902 2531 γάρ

100 2539 203 2616 λεπτὴ,
212 2531 275 2620 ’ἔχει
287 2539 439 2618 ἁρπεδόνας
457 2543 487 2600 ἓν
502 2542 589 2617 ἑωυτῇ
600 2539 762 2616 τριηκοσίας
778 2538 825 2598 καὶ
842 2538 901 2615 ἑξή-

101 2654 189 2690 κοντα
203 2629 298 2693 πάσας
311 2627 442 2706 φανεράς.
475 2631 601 2692 τοιοῦτος
614 2628 705 2705 ἕτερός
718 2632 780 2689 ε’στι
791 2627 838 2686 καὶ
851 2625 903 2688 τόν

102 2722 134 2778 ἐν
146 2717 237 2798 Λίνδῳ
250 2716 365 2794 άνέθηκε
377 2720 412 2796 τῇ
424 2715 559 2796 Ἀθηναίη
568 2716 701 2793 Ἄμασις.

146 2804 378 2881 Συνεττελάβοντο
410 2805 440 2866 δὲ
465 2809 516 2866 τοῦ
541 2803 749 2882 στρατεύματος
776 2807 828 2863 τοῦ
856 2803 949 2863 εἰτὶ48

103 2891 211 2970 Σάμον,
238 2892 312 2954 ὥστε
336 2893 477 2974 γενέσθαι,
504 2893 551 2952 καὶ
578 2892 723 2968 Κορίνθιοι
744 2889 901 2967 προθύμως.

102 2980 235 3059 ὕβρισμα
255 2981 310 3062 γοὶρ
332 2982 378 3041 καὶ
401 2987 429 3046 ἐς
449 2979 565 3044 τούτους
585 2980 644 3059 εἶχε
665 2984 695 3039 ἐκ
715 2981 771 3039 τῶν
791 2977 902 3053 Σαμίοιν

103 3069 254 3152 γενόμενον
267 3073 348 3150 γενεῇ
361 3067 497 3147 πρότερον
508 3072 560 3129 τοῦ
575 3066 781 3145 στρατεύματος
793 3064 902 3124 τούτου·

103 3155 190 3242 [κατὰ
202 3157 237 3233 δη
250 3157 300 3218 τόν
314 3156 398 3217 αὐτόν
410 3155 512 3236 χρόνον
524 3158 576 3216 τοῦ
593 3159 729 3232 κρητῆρος
741 3156 777 3233 τῇ
790 3153 903 3233 ἁρπαγῇ

103 3243 242 3328 γεγονός]
276 3245 454 3324 Κερκυραίων
469 3243 526 3327 γάρ
545 3243 647 3308 παῖδας
664 3242 840 3321 τριηκοσίους
855 3238 903 3302 άν·
