2150 3500
148 80 180 127 αι
457 77 640 129 Ἦνοιουοα
914 75 960 142 [1.

146 160 236 218 ταῦτα
254 156 424 235 ἐπειρώτεον.
464 157 566 218 τῶνδὲ
583 156 721 234 μαντηίων
738 155 906 233 ἀμφοτέρων
928 161 963 222 ἐς

147 243 236 304 τάυτδ
253 248 282 304 αἱ
296 248 405 325 γνῶμαι
421 245 603 322 συνέδραμον,
617 245 809 325 προλέγουσαι
824 243 960 323 Κροίσῳ,

147 330 182 409 ἢν
205 332 388 410 στρατεύομαι
413 335 459 393 ἐπὶ
485 333 609 410 Πέρσας,
630 331 760 413 μεγάλην
785 330 875 410 οἷρχήν
899 357 961 407 μιν

148 424 314 481 καταλῦσαι.
354 420 419 485 τούς
440 421 470 480 δέ
486 419 632 496 Ἑλλήνων
650 417 853 482 δυνατωτάτους
869 445 958 480 συνε-

146 508 285 584 βούλευόν
298 513 325 569 οἶ
339 508 484 587 ἐξευρόντα
497 509 600 587 φίλους
612 508 800 585 προσθέσθαι.

82 597 138 677 Ιδίε
186 595 269 657 Ἐπεί
279 623 310 657 τε
322 597 352 656 δὲ
368 596 560 676 ἀνενειχθέντα
575 594 612 655 τά
628 595 782 672 θεοπρόπια
796 593 916 654 ἐπύθετο
935 595 955 655 ὅ

45 733 48 740 ,
147 689 280 762 Κροῖσος,
290 684 437 762 ύπερήσθη
450 710 481 745 τε
493 688 571 745 τοῖσι
582 684 791 762 χρηστηρίοισι·
807 681 903 763 πάγχυ
916 709 955 744 τε

146 773 267 836 ἐλπίσας
285 772 453 833 καταλύσειν
470 771 523 848 τήν
541 771 637 848 Κύρου
653 771 819 847 βασιληίην,
833 771 954 848 πέμψας

146 859 222 924 αὖτις
237 865 265 924 ἐς
280 860 367 921 Πυθώ
385 859 517 936 Δελφούς
534 859 671 936 δωρέεται,
686 858 841 936 πυθόμενος
856 857 951 919 αὐτῶν

144 947 177 1007 τό
187 951 303 1023 πλῆθος,
315 945 375 1007 κατ’
385 946 471 1025 ἄνδρα
481 945 530 1007 δύο
540 951 682 1024 στατῆρσι
695 947 814 1008 ἕκαστον
826 951 949 1025 χρυσοῦ·

146 1037 258 1111 Δελφοὶ
271 1035 301 1094 δέ
317 1033 379 1096 άντὶ
393 1035 498 1096 τούτων
516 1034 616 1095 ἔδοσαν
632 1033 748 1114 Κροίσῳ
763 1032 950 1109 καὶχλυδοΐσι

147 1123 337 1200 προμαντηίην
350 1122 396 1182 καὶ
409 1121 536 1199 ἀτελείην
552 1122 598 1181 καὶ
612 1122 768 1199 προεδρίην,
782 1121 829 1181 καὶ
845 1120 949 1190 ἐξεῖναι
1036 1160 1044 1174 ι

144 1213 183 1289 τῷ
199 1211 364 1290 βουλομένῳ
381 1209 471 1272 αὐτῶν
488 1210 622 1293 γενέσθαι
643 1209 761 1285 Δελφόν
782 1213 811 1272 ἐς
829 1208 880 1270 τόν
900 1208 948 1269 αἐὶ

96 1298 135 1356 55
144 1297 254 1377 χρόνον.
296 1297 502 1376 Δωρησιίμενος
514 1299 545 1358 δὲ
557 1297 621 1362 τούς
634 1297 766 1373 Δελφούς
779 1295 795 1357 ὅ
809 1299 945 1373 Κροῖσος,

144 1386 376 1464 ἐχρηστηριάζετο
388 1385 422 1448 τό
434 1386 537 1462 τρίπον.
571 1387 634 1445 ἐπεί
643 1409 675 1445 τε
685 1384 741 1466 γάρ
751 1383 786 1461 δή
795 1385 947 1461 παρέλαβε

142 1478 193 1533 τοῦ
204 1475 338 1551 μαντηίου
350 1472 496 1549 ἅληθηίην,
507 1474 669 1550 ἐνεφορέετο
682 1471 776 1532 αὐτοῦ.
810 1471 945 1549 ἐπεφοίτα

143 1561 173 1621 δέ
185 1561 251 1621 τάδε
263 1561 544 1640 χρηστηριαζόμενος,
555 1561 581 1620 εἴ
592 1563 620 1621 οί
632 1559 818 1640 πολυχρόνιος
831 1560 945 1637 ἔσταιῆ

143 1649 307 1728 μουναρχίη.
347 1648 366 1724 ἦ
380 1649 409 1708 δέ
423 1648 516 1724 Πυθίη
529 1652 557 1708 οἱ
568 1652 627 1728 χρᾷ
638 1647 713 1708 τάδε’

188 1763 259 1812 'An'
277 1758 314 1812 ὅτ’
329 1760 361 1812 ἄν
376 1763 470 1821 ἡμίονος
487 1765 602 1826 βασιλεὺς
618 1764 724 1823 Μήδοισι
740 1764 849 1825 γένηται,

191 1837 231 1884 καὶ
246 1835 310 1896 τότε,
327 1836 391 1884 Λυδὲ
408 1837 521 1899 ποδαβρέ,
538 1836 699 1898 πολυψήφιδα
716 1835 772 1899 παρ’
786 1838 876 1899 Ἕρμον

191 1909 295 1969 φεύγειν,
313 1909 374 1967 μηδὲ
390 1909 475 1968 μένειν,
492 1908 549 1968 μηδ’
563 1908 681 1955 αἰδεῖσθαι
697 1909 768 1957 κακὸς
785 1909 851 1957 εἶναι.

93 2002 132 2061 56
141 2000 273 2061 Τούτοισι
287 2003 404 2063 ἐλθοῦσι
418 2006 495 2062 τοῖσι
511 2004 592 2063 ἐπεσι
607 2002 625 2062 ό
641 2006 768 2081 Κροῖσος
785 2001 896 2063 πολλάν
912 1999 952 2076 ’τίι

141 2088 268 2166 μάλιστα
280 2089 389 2151 πάντων
401 2089 490 2167 ἥσθη,Ι
501 2091 621 2163 ἐλπίζων
632 2089 749 2167 ἡμίονον
761 2088 869 2168 ούδαμιέ
882 2089 941 2151 ἄντ’

142 2176 241 2255 άνδρδς
257 2178 444 2255 βασιλεύσειν
461 2178 575 2256 Μήδων·
596 2177 654 2238 οὐδ’
670 2177 708 2239 ὧν
724 2177 816 2249 αι’ττδς,
834 2178 897 2239 ούδέ
913 2182 941 2239 οἶ

142 2266 173 2335 ἐξ
184 2266 277 2336 αὐτοῦ,
287 2266 451 2328 πούσεσθαί
461 2291 525 2326 κοτε
536 2269 588 2343 τῆς
600 2264 697 2345 ἀρχῆς.
730 2267 802 2343 μετὰ
813 2266 940 2327 δὲταῦτα

140 2354 284 2430 ἐφρόντιζε
296 2347 436 2430 ίστορέων,
449 2354 514 2417 τούς
526 2352 562 2413 ἂν
575 2353 720 2430 Ἑλλήνων
737 2354 940 2420 δυνατωτάτους

141 2440 236 2504 ἐόντας
249 2440 461 2517 προσκτήσαιτο
477 2442 589 2518 φίλους.
630 2442 764 2520 ἱστορέων
781 2442 811 2502 δέ
829 2441 939 2519 εὕρισκε

140 2528 372 2608 Λακεδαιμονίους
385 2530 431 2588 καὶ
442 2527 606 2605 Ἀθηναίους
619 2530 798 2609 προέχοντας,
811 2529 876 2593 τούς
887 2532 939 2606 μὲν

139 2618 190 2675 τοῦ
209 2624 332 2694 Δωρικοῦ
352 2620 453 2699 γένεος,
470 2616 536 2681 τούς
556 2618 587 2677 δέ
606 2621 657 2679 τοῦ
678 2617 811 2678 Ἰωνικοῦ.
850 2622 939 2678 ταῦτα

139 2702 194 2784 γάρ
212 2702 248 2780 ἦν
264 2730 299 2765 τα
316 2706 517 2783 προκεκριμένα
536 2704 571 2765 τό
592 2704 718 2786 ἅρχαιον,
731 2705 813 2766 ἐόντα
832 2731 866 2766 το
886 2708 939 2783 μὲν

142 2791 324 2891 Πελασγικόν
349 2819 382 2853 το
374 2792 436 2853 δε
457 2792 627 2869 Ελληνικδν
650 2794 736 2857 ἔθνος·
762 2792 809 2852 καὶ
830 2793 864 2854 τδ
886 2795 939 2870 μὲν

141 2872 252 2956 ούδαμῆ
265 2906 303 2939 κω
321 2880 530 2960 ἐξεχώρησε
496 2906 530 2941 το
552 2880 583 2939 δέ
602 2879 875 2956 πολυπλάνητον’
841 2907 937 2959 καρτα·

142 2968 187 3025 ἐπὶ
203 2970 255 3045 μὲν
271 2967 331 3080 γάρ
344 2968 533 3029 Δευκαλίωνος
553 2967 748 3043 βασιλῆος*
718 2992 791 3028 οικεε
811 2972 868 3078 γῆν
886 2994 938 3079 την

139 3054 300 3115 Φθιῶτιν·’
288 3081 333 3115 <m
323 3055 380 3114 δὲ
399 3054 497 3131 Δάρου
513 3056 565 3112 τοῦ
577 3052 778 3161 1’“Ελληνος,
742 3078 795 3130 την
811 3054 868 3116 ύπδ
885 3080 938 3131 την

134 3138 251 3200 Ὀσσον
262 3166 293 3201 τε
305 3142 351 3201 καὶ
366 3140 416 3201 τόν
435 3138 590 3215 Οὔλυμπον
604 3138 707 3216 χεόμην,
721 3142 901 3236 καλεομένην
907 3142 937 3204 δέ

137 3224 345 3287 Ιοτιαιῶτιν·’
331 3252 362 3285 εκ
374 3227 451 3286 δέ
416 3250 466 3301 της
476 3224 706 3285 ιἸστιαιιύτυδος
686 3249 721 3285 ως
742 3217 901 3297 ἐξανέστη
884 3214 938 3277 υπδ
