2150 3500
72 111 187 179 οο-οε]
400 114 564 164 mm.
831 116 878 166 ιιι

73 189 293 273 έγχριπτόμενοι
310 191 357 251 καὶ
370 189 506 270 ψαύοντες
522 191 559 256 οῦς
576 189 714 270 μάλιστα,
728 193 775 254 ἵνα
790 191 879 271 δὴμὴ

73 277 228 357 ἁμάρτοιεν
241 281 293 355 τῆς
307 277 374 338 ὁδοῦ
390 278 437 338 διιί
453 277 503 339 τόν
516 278 590 357 ῥόον.
628 279 711 340 έπεάν
725 280 754 340 δέ
772 279 881 357 πληθύ·

75 367 162 428 εσθαι
174 365 293 446 ἄρχηται
306 365 323 426 ὁ
336 369 450 439 Νεῖλος,
464 365 545 428 τότε
558 371 641 426 κοῖλα
654 371 705 445 τῆς
717 371 770 448 γῆς
784 369 830 428 καὶ
843 367 880 428 τιί

74 455 205 532 τέλματα
223 453 260 514 τεί
274 453 352 532 παριί
368 453 419 514 τάν
438 453 568 532 ποταμόν
588 458 686 532 πρῶτα
705 455 821 535 ἄρχεται
836 457 881 516 πί·

74 543 217 613 πλασθαι,
225 541 384 617 διηθέοντος
395 544 447 602 τοῦ
459 540 559 606 ῦδατος
573 547 603 602 ἐκ
616 547 668 602 τοῦ
679 547 817 621 ποταμοῦ·
835 543 882 604 καί

76 628 179 691 αύτίκα
187 655 219 690 τε
231 629 307 689 πλέα
316 629 423 710 γίνεται
435 633 524 691 ταῦτα
537 630 584 690 καὶ
593 634 767 710 παραχρῆμα
779 630 882 711 ἰχθύων

77 721 207 796 σμικρῶν
227 717 368 777 πίπλαται
387 716 490 778 πάντα.
532 717 614 778 κόθεν
635 718 665 777 δέ
687 717 761 800 οἰκός
781 718 883 784 αύτούς
908 731 910 736 ’

77 806 217 887 γίνεσθαι,
231 804 286 886 ἐγώ
297 822 348 881 μοι
361 805 447 866 δοκέω
461 807 620 867 κατανοέειν
631 809 725 867 τοῦτο·
746 810 798 866 τοῦ
814 833 882 884 προ-

77 894 163 970 τέρου
189 894 263 958 ἔτεος
289 891 373 953 ἐπεάν
400 891 528 972 ἀπολίπῃ
552 893 568 954 ό
595 888 710 964 Νεῖλος,
735 895 762 953 οἱ
782 894 883 973 ’ἰχθύες

80 979 235 1044 ἐντεκόντες
256 978 296 1040 αἰαὶ
316 985 344 1044 ἐς
366 979 419 1057 την
440 980 502 1042 ἰλῦν
524 979 585 1059 ἅμα
607 985 646 1060 τῷ
671 981 782 1062 ἐσχάτῳ
802 981 883 1043 ῦδατι

80 1068 330 1129 ἀπαλλάσσονται·
351 1068 435 1128 ἐπεάν
450 1068 480 1128 δὲ
495 1068 692 1146 περιελθόντος
710 1073 761 1130 τοῦ
779 1069 883 1148 χρόνου

80 1155 170 1217 πόλιν
180 1157 286 1234 ἐπέλθῃ
294 1155 329 1231 τῦ
342 1155 423 1233 ὕδωρ,
434 1160 465 1216 ἐκ
477 1159 532 1216 τῶν
543 1155 602 1217 ἀῦν
611 1155 716 1217 τούτων
726 1158 884 1234 παραυτίκα
927 1175 928 1178 ’

81 1244 208 1324 γίνονται
226 1247 254 1305 οἰ
274 1242 377 1324 ἰχθύες.
410 1243 457 1304 καί
476 1245 540 1322 περὶ
559 1246 611 1321 μὲν
626 1244 692 1310 τοῦς
711 1246 790 1324 ἰχθῦς
811 1244 883 1306 οὕτω

84 1333 152 1412 ἔχει.

125 1419 276 1498 Ἀλείφατι
288 1419 320 1481 δέ
333 1419 468 1500 χρέωνται
481 1420 640 1502 Αἰγυπτίων
653 1423 681 1482 οἰ
692 1418 759 1499 περί
769 1419 805 1481 τῦ
819 1419 884 1480 ἕλεα
893 1422 931 1480 94

84 1509 220 1573 οἰκέοντες
235 1507 293 1570 ἀπῦ
305 1511 361 1568 τῶν
373 1509 578 1586 σιλλικυπρίων
591 1512 642 1570 τοῦ
658 1512 775 1586 καρποῦ,
789 1507 823 1568 τῦ
837 1533 884 1568 κα-

83 1601 168 1657 λεῦσι
181 1598 234 1676 μέν
246 1595 397 1678 Αἰγύπτιοι
414 1596 479 1656 κίκι·
499 1599 613 1657 ποιεῦσι
631 1596 661 1656 δὲ
678 1594 739 1656 ὦδε·
759 1595 837 1674 παρά
849 1595 886 1657 τοὶ

83 1684 185 1766 χείλεα
201 1688 256 1745 τῶν
270 1709 303 1745 τε
320 1687 455 1762 ποταμῶν
467 1683 515 1744 καὶ
531 1689 587 1746 τῦν
602 1685 723 1763 λιμνέων
735 1685 886 1763 σπείρουσι

83 1772 123 1835 τιί
148 1772 335 1852 σιλλικύπρια
357 1777 454 1845 ταῦτα,
476 1774 514 1835 τὰ
537 1779 567 1835 ἐν
587 1774 717 1851 Ἕλλησι
740 1773 885 1852 αῦτόματα

85 1860 171 1943 ἀγρια
194 1860 305 1939 φύεται·
330 1864 420 1922 ταῦτα
442 1865 473 1923 ἐν
494 1865 531 1941 τῇ
552 1862 684 1945 Αἰγύπτῳ
706 1862 886 1941 σπειρόμενα,

86 1945 197 2024 καρπόν
209 1949 289 2026 φέρει
300 1947 413 2009 πολλόν
425 1951 477 2027 μὲν
490 1946 617 2011 δυσώδεα
630 1950 670 2009 δέ·
690 1955 790 2011 τοῦτον
804 1949 887 2011 ἐπεοὶν

87 2035 288 2115 συλλέξωνται,
306 2039 333 2096 οἰ
351 2036 558 2115 μένκόψαντες
575 2037 724 2098 ἀπιποῦσι·
746 2040 773 2097 οἱ
791 2037 821 2096 δὲ
842 2038 888 2095 καὶ

87 2122 242 2201 φρύξαντες
265 2122 416 2203 ἀπέψουσι,
439 2126 487 2183 καί
511 2124 546 2186 τῦ
570 2124 708 2202 ἀπορρέον
732 2122 780 2183 ἀπ’
803 2123 888 2184 αῦτοῦ

88 2213 313 2293 συγκομίζονται.
347 2212 457 2273 ἔστιδὲ
477 2215 544 2273 πῖον
564 2213 610 2271 καί
630 2210 710 2272 οῦδὲν
724 2209 820 2287 ἧσσον
837 2214 888 2271 τοῦ

88 2300 185 2359 ἐλαίου
201 2304 240 2379 τῷ
254 2300 349 2381 λύχνῳ
363 2301 512 2378 προσηνὲς,
526 2297 617 2377 ὀδμὴν
634 2299 665 2359 δὲ
681 2298 790 2376 βαρέαν
805 2298 889 2375 παρέ-

87 2412 179 2466 χεται.
207 2388 287 2465 Πρὸς
299 2390 329 2448 δὲ
340 2388 407 2453 τοῦς
419 2387 552 2451 κιύνωπας
565 2386 706 2465 ἀφθόνους
719 2386 815 2451 ἐόντας
823 2385 889 2447 τάδε
898 2386 936 2447 95

88 2475 149 2550 σφί
160 2478 222 2535 ἐστι
233 2475 463 2555 μεμηχανημένα·
478 2475 611 2554 τοῦς-μὲν
621 2474 657 2536 τοὶ
669 2474 725 2537 ἄνω
737 2479 793 2537 τῦν
805 2475 890 2536 ἐλέων

88 2562 230 2627 οἰκέοντας
243 2565 271 2624 οἱ
284 2564 387 2645 πύργοι
403 2563 571 2640 ὠφελέουσι,
585 2568 613 2628 ἐς
628 2563 675 2627 οῦς
691 2563 891 2641 ἀναβαίνοντες

62 2681 66 2685 “
89 2651 257 2727 κοιμέονται·
273 2654 302 2711 οἰ
313 2650 369 2732 γάρ
383 2652 509 2715 κώνωπες
516 2650 572 2712 ῦπδ
585 2655 641 2712 τῦν
652 2650 760 2728 ἀνέμων
773 2651 824 2713 οῦκ
837 2650 894 2711 οἰοί

87 2764 121 2799 τε
131 2742 189 2798 εἰσι
200 2738 274 2817 ῦφοῦ
283 2740 428 2801 πέτεσθαι·
441 2744 520 2802 τοῖσι
533 2740 563 2800 δὲ
573 2739 636 2817 περὶ
645 2740 682 2800 τά
692 2741 758 2799 έλεα
768 2740 892 2799 οἰκέουσι

87 2825 157 2888 τάδε
169 2824 232 2887 ἀντὶ
243 2830 300 2888 τιῦν
312 2825 425 2908 πύργων
438 2827 516 2888 ἄλλα
527 2826 732 2906 μεμηχάνηται·
753 2829 808 2887 πᾶς
821 2824 892 2903 ἀνφρ

88 2913 182 2975 αὐτῶν
202 2913 428 2993 ἀμφίβληστρον
447 2916 568 2993 lxm,
587 2918 626 2993 τῷ
644 2917 696 2989 εἰς
716 2913 769 2990 νέν
787 2910 892 2989 ἰνίου

89 3002 173 3081 ἰχθῦς
182 2999 301 3082 ἀγρεύει,
313 3002 367 3080 τήν
379 3003 409 3063 δὲ
422 3001 507 3064 νύκτα
518 3002 586 3063 τάδε
600 3000 674 3079 αύτῷ
686 3002 798 3081 χριῖται·
816 3003 845 3058 ἐν
857 3002 894 3076 τῇ

89 3088 263 3149 ἀναπαύεται
282 3091 361 3170 κοίτῃ
376 3090 442 3167 περὶ
456 3088 561 3165 ταύτην
578 3090 677 3165 ἰσπησι
696 3086 730 3148 τῦ
745 3084 893 3163 ἀμφίβλη-

90 3202 190 3254 στρον,
201 3178 249 3237 καὶ
261 3177 356 3238 ἔπειτα
369 3175 446 3241 ἐνδύς
458 3175 505 3237 ἀπ’
518 3176 592 3254 αὐτῷ
608 3174 743 3235 καθεύδει·
760 3176 787 3235 οἱ
801 3175 831 3233 δέ
843 3172 893 3232 κιῦ-

90 3262 235 3341 νωπες,ἣν
246 3266 300 3343 μέν
312 3269 342 3325 ἐν
355 3263 455 3342 ίματίῳ
465 3262 656 3340 ε’νελιξάμενος
670 3260 733 3335 εῦδη
746 3258 765 3333 ἢ
778 3259 895 3329 σινδόνι,
