2150 3500
179 115 228 163 ιιι
482 106 667 158 τινοιουοτ
952 107 992 171 [1.

178 185 250 266 πρός
261 186 327 250 τούς
339 186 459 259 Σκύθας,
470 187 570 268 λέγων·
585 197 603 222 “
611 185 679 297 ἡμῖν
691 185 746 268 γαὶρ
760 189 955 264 καταγελᾶτε,
970 186 995 248 ὦ

181 273 325 343 Σκύθαι,
308 300 352 334 οτι
364 273 541 353 βακχεύομεν
556 275 601 332 καὶ
614 273 702 352 ἡμέας
714 301 730 333 ο
723 272 808 337 θεδς
823 273 992 350 λαμβάνει·

179 366 228 424 νῦν
241 360 321 426 οὗτος
334 389 349 423 ο
341 361 524 442 δαίμων
480 387 527 421 και
540 361 589 421 τόν
603 360 735 438 ύμέτερον
752 361 884 436 βασιλέα
896 361 992 420 λελά-

178 452 260 527 βηκε,
275 474 322 510 και
311 449 469 528 βακχεύει
480 474 513 510 τε
525 448 573 508 καὶ
585 447 640 508 ύπδ
653 474 702 508 του
689 448 781 508 θεοῦ
795 447 941 523 μαίνεται·
965 453 992 508 εἰ

179 538 211 598 δε
217 562 267 614 μοι
276 562 431 606 απιστεετε,
440 536 603 610 επεσθε,
559 561 605 595 και
614 560 680 613 υμιν
690 535 744 616 ἐγω
752 534 857 605 δείξω·”
868 535 992 597 εἵποντο

178 628 233 686 τῶν
245 625 373 689 Σκυθέων
390 627 418 684 οἱ
432 625 629 701 προεστεῶτες·
651 623 697 681 καὶ
714 621 815 686 αύτούς
829 621 990 704 άναγαγών

179 710 196 772 ό
209 712 427 790 Βορυσθενεΐτης
438 711 531 789 λάθρη
548 712 594 770 ε’πὶ
607 709 714 790 πύργον
730 713 853 770 κατεῖσε·
877 712 946 770 ε’πεί
956 737 990 772 τε

180 799 210 859 δὲ
230 799 332 877 παρήΐε
352 798 406 860 σύν
426 803 466 877 τῷ
486 799 575 878 θιάσῳ
597 797 613 859 ὁ
636 797 746 874 Σκύλης
768 798 815 857 καὶ
836 796 913 858 εἶδόν
936 825 990 875 μιν

179 887 357 968 βακχεύοντα
376 886 537 956 οἱ·Σκύθαι,
562 885 650 965 κάρτα
674 884 827 963 συμφορήν
849 885 988 966 μεγάλην

181 976 358 1053 ε’ποιήσαντο,
370 974 528 1046 ἐξελθόντες
541 975 571 1034 δὲ
584 974 737 1052 ἐσήμαινον
749 972 830 1052 πάσῃ
843 978 882 1052 τῇ
896 1000 988 1050 στρα-

132 1065 171 1124 80
179 1069 225 1144 τιῇ
236 1064 272 1124 τοὶ
285 1064 378 1124 ἴδοιεν·
398 1063 435 1128 ὥς
450 1062 481 1123 δὲ
495 1063 568 1140 μετὰ
585 1066 673 1124 ταῦτα
689 1061 822 1138 ἐξήλαυνε
838 1060 855 1122 ὁ
870 1062 989 1140 Σκύλης

181 1156 208 1216 ές
227 1151 298 1228 ἤθεα
316 1151 353 1211 ταὶ
372 1154 481 1225 ἑωυτοῦ,
502 1152 530 1210 οἶ
551 1149 657 1215 Σκύθαι
680 1148 915 1227 προστησάμενοι
936 1151 989 1211 τδν

180 1238 318 1318 αἷδελφεδν
345 1238 429 1299 αύτοῦ
456 1236 676 1314 Ὀκταμασάδην
704 1236 842 1318 γεγονότα
873 1242 906 1297 ε’κ
935 1243 988 1314 τῆς

179 1327 274 1404 Τήρεω
287 1325 430 1408 θυγατρός,
438 1326 622 1386 ε’πανιστέατο
634 1329 673 1404 τῷ
685 1325 790 1404 Σκύλῃ·
805 1325 821 1385 ὁ
835 1324 875 1398 δὲ,
885 1326 991 1402 μαθεδν

179 1415 213 1476 τδ
225 1415 370 1496 γινόμενον
382 1411 424 1474 ἐπ’
433 1417 521 1493 ἑωυτῷ
534 1414 581 1473 καὶ
593 1413 645 1490 τήν
658 1414 748 1489 αἰτίην
758 1411 791 1472 δι’
799 1411 835 1489 ἣν
845 1415 986 1486 ἐποιέετο,

180 1502 349 1584 καταφεύγει
366 1507 394 1565 ές
409 1501 461 1577 τήν
480 1501 612 1578 Θρηύκην·
633 1500 788 1578 πυθόμενος
801 1499 862 1560 δὲό
880 1500 986 1562 Ὀκτα-

178 1590 309 1665 μασάδης
317 1594 412 1663 ταῦτα,
423 1588 605 1666 ἐστρατεύετο
616 1589 661 1648 ἐπὶ
669 1587 722 1664 τήν
732 1587 865 1664 Θρηΐκην·
880 1593 946 1648 ε’πεί
954 1615 986 1650 τε

181 1677 210 1734 δὲ
224 1677 269 1735 ε’πὶ
281 1680 320 1755 τῷ
334 1676 437 1757 Ἴστρῳ
453 1677 571 1758 ἐγένετο,
585 1675 722 1752 η’ντίασάν
740 1701 789 1753 μιν
802 1678 830 1734 οἱ
849 1675 983 1752 Θρήϊκες·

179 1763 340 1841 μελλόντων
348 1764 379 1823 δὲ
386 1764 476 1826 αύτῶν
483 1764 627 1843 συνάψειν,
638 1766 744 1843 έπεμψε
755 1764 898 1840 Σιτάλκης
905 1765 986 1843 παρὰ

179 1851 230 1912 τόν
241 1850 461 1929 Ὀκταμασάδην
475 1854 566 1934 λέγων
577 1852 680 1913 τοιάδε·
693 1853 723 1912 τί
734 1852 776 1911 δεῖ
787 1850 878 1928 ήμέας
890 1850 983 1930 ἀλλή-
1058 1866 1059 1871 ’

178 1944 236 2001 λων
247 1941 425 2018 πειρηθῆναι;
441 1940 479 2004 εἶς
488 1942 540 2018 μέν
549 1966 602 2018 μευ
611 1944 660 2016 τῆς
674 1938 814 2015 ἀδελφεῆς
825 1943 902 2010 παῖς,
910 1942 983 2020 ἔχεις

180 2028 212 2088 δέ
222 2054 275 2107 μευ
288 2027 438 2105 ἀδελφεόν·
459 2029 497 2089 σύ
509 2028 534 2089 τ’
549 2028 611 2105 ε’μοὶ
626 2027 730 2091 α’πόδος
742 2032 850 2098 τοῦτον,
865 2029 913 2087 καὶ
928 2031 982 2110 ἐγώ

179 2118 228 2177 σοὶ
237 2116 287 2178 τδν
296 2116 350 2179 σύν
362 2116 475 2194 Σκύλην
485 2116 666 2193 παραδίδωμι·
681 2119 800 2194 στρατιῇ
814 2116 845 2175 δὲ
855 2116 931 2192 μήτε
945 2117 983 2177 σύ

180 2205 363 2285 κινδυνεύσῃς,
375 2204 440 2282 μήτ’
455 2202 517 2285 ε’γά·
537 2203 625 2263 ταῦτά
639 2206 666 2264 οἱ
677 2204 791 2283 πέμψας
806 2203 823 2264 ύ
840 2204 982 2282 Σιτάλκης

180 2293 402 2369 ἐπεκηρυκεύετο·
419 2291 455 2368 ἦν
468 2290 523 2373 γὰρ
540 2290 617 2369 παραὶ
629 2295 668 2369 τῷ
679 2289 884 2374 Ὀκταμασάδη
900 2292 980 2352 άδελ-

180 2379 248 2455 φεδς
262 2380 413 2449 Σιτάλκεω,
425 2378 572 2460 πεφευγιδς
587 2381 695 2438 τοῦτον·
716 2377 732 2438 ὅ
748 2379 779 2440 δὲ
798 2377 979 2456 Ὀκταμασά·

180 2466 229 2541 δης
246 2467 382 2526 καταινέει
397 2470 494 2537 ταῦτα,
508 2465 629 2529 ἐκδιδούς
642 2466 672 2525 δὲ
689 2464 738 2527 τόν
752 2469 851 2526 ἑωυτοῦ
864 2467 980 2545 μήτρωα
1055 2540 1056 2547 ¹

179 2550 303 2629 Σιτάλκη
317 2553 406 2626 ἔλαβε
417 2552 467 2613 τόν
480 2552 620 2629 ἀδελφεόν
646 2553 765 2628 Σκύλην·
781 2554 827 2613 καὶ
841 2555 980 2632 Σιτάλκης

178 2641 230 2717 μὲν
248 2639 425 2716 παραλαβῶν
440 2639 489 2701 τδν
506 2639 647 2718 άδελφεδν
664 2640 798 2723 ἀπήγετο·
820 2641 934 2707 Σκύλεω
950 2644 979 2705 δὲ

179 2726 397 2805 Ὀκταμασάδης
416 2727 502 2789 αὐτοῦ
520 2728 608 2807 ταύτῃ
628 2728 753 2807 ἀπέταμε
772 2728 825 2805 τήν
842 2731 979 2808 κεφαλήν.

179 2815 249 2876 οὕτω
261 2816 313 2893 μὲν
325 2816 546 2893 περιστέλλουσι
558 2816 594 2875 τά
608 2816 735 2893 σφέτερα
746 2815 850 2893 νόμαια
865 2817 978 2891 Σκύθαι,

180 2905 257 2963 τοῖσι
277 2902 307 2961 δὲ
326 2903 568 2980 παρακτωμένοισι
588 2902 722 2971 ξεινικούς
743 2903 845 2981 νόμους
864 2910 979 2967 τοιαῦτα
1053 2894 1054 2905 ¹

179 2988 303 3064 ε’πιτίμια
315 2988 435 3049 διδοῦσι,
1052 3050 1053 3053 ,

131 3073 166 3127 81
218 3076 336 3181 Πλῆθος
362 3074 450 3134 δὲ
417 3101 450 3134 το
478 3073 662 3138 Σκυθέων’
629 3102 679 3135 ουκ
704 3075 763 3140 οἷός
784 3102 817 3137 τε
845 3074 978 3157 ἐγενόμην

178 3154 310 3232 άτρεκεως
322 3161 470 3230 πυθέσθαι,
479 3160 557 3219 ἅλλα
572 3161 724 3238 διαφόρους
737 3163 840 3244 λόγους
852 3163 917 3241 περὶ
926 3188 977 3222 του
1052 3186 1053 3239 η

177 3239 328 3315 άριθμού”
308 3270 419 3319 ηκουον·
433 3248 480 3305 καὶ
492 3273 547 3325 γαρ
561 3246 650 3321 κάρτα
659 3248 788 3313 πολλούς
798 3250 870 3311 εἶναι’
878 3252 977 3323 σφεας,
