2150 3500
182 125 213 176 32
262 128 267 138 ’
484 122 667 176 ἭνοΔοπου
947 123 996 186 [1.

181 203 216 280 ἦν
236 204 321 283 όρέων
340 201 375 265 τό
396 203 568 282 ποιεόμενον·
588 200 734 278 μαθων-δέ
753 224 802 277 μιν
823 199 840 260 ό
860 201 998 279 χαλκεύς

179 291 421 370 ἆποθωυμάζοντο,
436 290 496 352 εῘπε
511 290 691 367 παυσάμενος
702 291 752 348 τοῦ
766 289 857 369 ἔργου·
879 287 922 364 “ἧ
934 315 994 350 κου

179 379 220 450 ἂν,
235 380 256 439 ὦ
269 381 339 450 ξεῖνε
351 379 458 450 Λάκων,
473 379 499 440 εί
510 405 563 457 περ
577 378 646 442 εἶδες
658 376 691 438 τό
704 402 757 453 περ
771 376 832 456 ἐγώ,
847 375 938 452 κάρτα
949 376 991 438 ἂν

179 467 332 545 ἐθοίυμαζες
342 467 408 528 ὅκου
418 472 466 528 νῦν
476 466 547 527 οὕτω
556 465 702 548 τυγχάνεις
712 466 808 541 θῶυμα
819 463 990 540 ποιεύμενος

178 556 230 632 τήν
240 557 373 638 ἐργασίην
382 559 432 617 τοῦ
443 554 569 632 σιδήρου·
586 554 641 636 ἐγω
654 552 708 634 γάρ
722 558 751 612 ἐν
763 551 830 630 τῇδε
842 552 935 613 θέλων
947 553 988 632 τῇ

178 643 252 724 αὐλῇ
275 645 365 721 φρέαρ
388 643 573 719 ποιήσασθαι,
594 640 725 718 ὀρύσσων
748 639 883 719 ἐπέτυχον
905 645 986 720 σορῷ

179 731 342 812 ἑπταπήχεϊ·
358 731 412 791 ύπδ
426 731 456 790 δὲ
466 729 597 807 ἀπιστίης
609 728 650 806 μή
662 731 713 805 μὲν
724 727 856 809 γενέσθαι
865 728 985 806 μηδαμά

176 821 293 896 μέζονας
310 818 471 896 ἀνθρώπους
487 821 544 877 τῶν
558 821 615 886 νῦν,
629 815 721 895 οἷνῷξα
736 814 830 892 αύτήν,
844 816 891 874 καὶ
908 816 985 877 εἶδον

176 907 226 967 τόν
244 907 340 984 νεκρόν
354 905 437 983 μήκεϊ
454 905 519 965 ἶσον
534 904 616 965 ἐόντα
632 909 669 983 τῇ
690 907 775 982 σορῷ·
795 902 940 980 μετρήσας
952 904 985 965 δὲ

12 1033 13 1044 ¹
94 1043 97 1050 .
178 996 327 1073 συνέχωσα
341 992 457 1052 όπίσω.”
476 991 493 1052 ό
502 991 598 1070 μὲνδή
612 995 640 1052 οἱ
653 992 733 1072 ἔλεγε
745 989 782 1050 τό
793 1015 847 1067 περ
860 989 984 1052 ὀπώπεε·

12 1073 13 1080 ἐ
177 1081 238 1141 όδέ
248 1081 367 1144 ἐννώσας
375 1080 412 1140 τό
420 1079 569 1160 λεγόμενα,
580 1078 776 1155 συνεβολλετο
784 1077 835 1139 τὸν
842 1077 985 1155 Ὀρέστεα

178 1169 248 1229 κατὰ
266 1168 300 1230 τό
319 1168 487 1246 θεοπρόπιον
503 1171 604 1228 τοῦτον
621 1165 699 1236 εἶναι,
711 1166 778 1244 τῇδε
795 1167 984 1243 συμβολλεό·

176 1282 267 1333 μενος·
287 1261 338 1316 τοῦ
356 1256 477 1337 χαλκέος
495 1254 545 1314 δύο
562 1254 648 1332 ὀρέων
665 1253 768 1330 φύσας,
783 1253 847 1317 τούς
863 1253 985 1331 ἀνέμους

177 1344 288 1422 εὕρισκε
305 1343 407 1409 ἐόντος·
427 1342 477 1404 τόν
494 1343 524 1402 δὲ
540 1341 648 1420 ὢεμονο
665 1341 711 1402 καὶ
726 1339 779 1418 τήν
792 1345 917 1419 σφῦραν,
931 1341 985 1403 τόν

176 1457 209 1491 τε
225 1431 313 1493 τύπον
332 1432 378 1491 καὶ
397 1430 447 1492 τὸν
468 1429 625 1490 &wimer
644 1428 696 1491 τόν
716 1428 746 1488 δὲ
767 1427 985 1506 ἐξελαυνόμενον
1059 1426 1064 1437 ’

177 1521 300 1598 σίδηρον,
314 1519 347 1580 τό
361 1523 443 1595 πῆμα
456 1518 502 1578 ἐπὶ
514 1517 623 1594 πήματι
636 1517 770 1593 κείμενον·
791 1515 863 1576 κατὰ
874 1516 985 1578 τοιόνδε

176 1633 205 1666 τι
218 1606 338 1678 εἰκάζων,
349 1605 384 1670 ὥς
398 1605 443 1665 ἐπὶ
456 1609 530 1684 κακῷ
543 1604 689 1682 άνθράπου
701 1604 816 1681 σίδηρος
824 1602 983 1682 ἀνεύρηται.

177 1692 430 1772 συμβολλεόμενος
443 1693 472 1753 δὲ
485 1696 581 1763 τοῦτο,
596 1693 642 1753 καὶ
658 1690 788 1754 όπελθολν
803 1697 831 1756 ἐς
847 1692 984 1771 Σπάρτην

177 1783 279 1860 ἔφραζε
302 1782 547 1859 Λακεδαιμονίοισι
567 1785 625 1841 πᾶν
644 1781 678 1842 τὸ
698 1784 826 1862 πρῆγμα·
849 1782 877 1839 οἶ
898 1781 929 1841 δὲ
951 1786 984 1841 ἐκ

176 1871 265 1953 λόγου
277 1874 408 1931 πλαστοῦ
422 1870 607 1933 ἐπενείκαντές
623 1872 650 1929 οἶ
665 1870 764 1944 αἰτίην,
777 1867 900 1938 ἐδίωξαν·
919 1868 937 1931 ό
951 1870 984 1929 δὲ

177 1957 342 2035 ἀπικόμενος
359 1962 387 2022 ἐς
404 1958 508 2039 Τεγέην
525 1957 572 2017 καὶ
589 1956 702 2035 φράζων
718 1954 770 2031 τήν
787 1959 887 2016 ἑαυτοῦ
907 1982 983 2033 συμ·

177 2046 269 2125 φορήν
281 2045 351 2123 πρός
362 2044 412 2106 τόν
424 2045 542 2125 χαλκέα,
556 2045 707 2121 ἐμισθοῦτο
720 2041 784 2119 παρ’
796 2041 847 2102 ούκ
862 2044 983 2104 ἐκδιδόν-

177 2161 224 2199 τος
244 2134 296 2211 τήν
319 2132 417 2209 αὐλήν·
439 2132 530 2213 χρόνῳ
551 2131 582 2190 δὲ
601 2131 637 2195 ὥς
657 2130 804 2212 ἀνέγνωσε,
827 2132 981 2207 ἐνοικίσθη·

176 2222 309 2301 ἀνορύξας
319 2222 349 2281 δὲ
358 2220 409 2282 τόν
417 2220 510 2297 τάφον
520 2220 567 2279 καὶ
578 2218 615 2279 τά
628 2218 715 2279 όοτέα
727 2217 876 2288 συλλέξας,
885 2218 981 2297 οἴχετο

177 2311 269 2388 φέρων
283 2315 310 2373 ἐς
323 2308 465 2385 Σπάρτην·
482 2308 528 2366 καὶ
541 2305 598 2367 άπδ
610 2305 710 2366 τούτου
722 2309 772 2367 τοῦ
784 2304 896 2384 χρόνον,
909 2305 982 2371 ὅκως

176 2396 311 2476 πειρῴατο
327 2394 469 2470 άλλήλων,
483 2397 584 2472 πολλῷ
599 2395 795 2471 κατυπέρτεροι
809 2396 848 2471 τῷ
862 2394 981 2473 πολέμιρ

177 2484 299 2564 ἐγίνοντο
313 2484 339 2541 οἶ
351 2480 574 2557 Λακεδαιμόνιοι·
594 2479 649 2557 ἤδη
665 2482 696 2541 δέ
710 2479 830 2557 σφι-καὶ
844 2479 864 2557 ή
879 2480 979 2557 πολλή

175 2575 226 2647 τῆς
239 2568 461 2645 Πελοποννήσου
474 2567 510 2644 ἦν
523 2569 762 2646 κατεστραμμένη.

130 2662 166 2719 69
216 2660 310 2718 Ταῦτα
338 2655 372 2732 δή
400 2655 437 2717 ὧν
462 2655 554 2718 πάντα
568 2650 783 2733 ’πυνθανόμενος
809 2654 826 2717 ὅ
852 2657 980 2733 Κροῖσος

177 2747 282 2823 ἔπεμπε
295 2748 322 2808 ἐς
335 2742 468 2822 Σπάρτην
482 2744 621 2826 άγγῦιους
638 2742 714 2821 δῶρά
730 2769 763 2804 τε
778 2744 915 2821 φέροντας
931 2744 980 2803 καὶ

176 2832 361 2911 δέησομένους
382 2834 553 2911 συμμαχίης,
572 2829 763 2908 ἐντειλάμενός
782 2857 814 2893 τε
830 2830 868 2891 τό
884 2832 979 2912 λέγειν

176 2925 258 3001 χρῆν.
299 2923 326 2980 οἱ
339 2919 369 2979 δὲ
379 2918 508 2983 ὒθόντες
521 2921 628 3000 ἔλεγον·
649 2919 778 2996 “έπεμψε
789 2917 878 2994 ήμέας
893 2923 979 2995 Κροῖ-

176 3034 230 3073 σος
246 3008 263 3069 ό
279 3008 377 3068 Λυδῶν
393 3031 425 3065 τε
441 3007 487 3065 καὶ
502 3005 598 3065 ἄλλων
613 3005 711 3065 ἐθνέων
727 3004 876 3081 βασιλεύς,
889 3006 979 3086 λέγων

176 3096 251 3156 τάδε·
282 3094 303 3154 ὦ
329 3091 551 3169 Λακεδαιμόνιοι,
577 3091 736 3169 χρήσαντος
761 3096 812 3151 τοῦ
838 3093 904 3151 θεοῦ
928 3092 979 3152 τὸν

172 3182 302 3258 Ἕλληνα
322 3182 409 3257 φίλον
428 3178 614 3254 προσθέσθαι,
626 3176 712 3253 ύμέος
730 3177 785 3257 γάρ
804 3178 977 3254 πυνθάνομαι

177 3267 347 3345 προεστάναι
368 3264 420 3342 τῆς
438 3262 585 3331 Ἑλλάδος,
603 3262 689 3339 ὑμέας
709 3261 746 3323 ὧν
767 3264 838 3325 κατὰ
856 3265 890 3325 τό
910 3292 977 3345 χρη-
