2150 3500
121 111 236 178 ιιι-οι]
471 117 585 168 xmo.
645 139 647 143 .
898 116 929 162 τι

120 193 285 270 συλλαβών
296 193 329 256 τῦ
342 196 515 275 χρηστήριον
535 198 582 257 καὶ
596 197 655 274 φάς
667 197 796 260 δέκεσθαι
812 199 847 259 τό
861 223 930 278 χμη

121 283 204 353 σθὲν,
218 287 306 365 ἐπῆγε
320 282 372 360 τήν
387 285 530 362 στρατιήν.
571 283 715 362 Ἀθηναῖοι
733 287 763 345 δέ
782 289 809 346 οἱ
829 291 860 345 ἐκ
879 290 930 346 τοῦ

122 368 228 435 ἄστεος
240 370 311 447 πρός
323 369 438 448 ἄριστον
446 374 630 451 τετραμμένοι
642 372 717 449 ἦσαν
726 372 760 449 δή
770 379 928 450 τηνικαῦτα·

123 458 174 518 καὶ
189 457 260 535 μετὰ
275 459 309 518 τό
323 457 439 537 ἄριστον
450 461 623 538 μετεξέτεροι
638 460 736 531 αύτῶν,
749 465 776 520 οἶ
790 463 843 539 μὲν
857 462 929 540 πρός

123 543 233 621 κύβους
249 548 276 605 οἱ
292 545 322 606 δέ
337 546 407 624 πρός
423 547 520 609 ὕπνον.
541 551 569 608 οἱ
585 549 616 608 δέ
629 546 704 626 ἀμφὶ
720 550 930 627 Πεισίστρατον

124 632 305 706 ἐσπεσόντες,
318 633 383 698 τοῦς
394 633 558 710 Ἀθηναίους
568 638 713 715 τρέπουσι·
730 637 888 718 φευγόντων
897 638 929 697 δέ

123 719 239 792 τούτων,
259 721 371 798 βουλήν
392 723 509 783 ἐνθαῦτα
531 723 701 800 σοφωτάτην
721 723 928 801 Πεισίστρατος

125 812 312 890 ἐπιτεχνᾶται,
332 809 401 874 ὅκως
419 811 491 887 μήτε
510 810 655 872 ἁλισθεῖεν
673 813 713 872 ἔτι
731 815 758 873 οἶ
774 811 927 889 Ἀθηναῖοι,

125 895 356 975 διεσκεδασμένοι
370 924 401 960 τε
415 898 477 959 εἶεν·
498 897 681 976 ἀναβιβάσας
692 900 758 964 τοῦς
767 901 870 964 παῖδας
882 902 928 959 ἐπὶ

127 983 231 1050 ἵππους
242 987 413 1064 προέπεμπε·
429 989 456 1046 οἶ
469 987 499 1046 δὲ
511 987 776 1064 καταλαμβάνοντες
784 987 849 1051 τοῦς
861 988 928 1063 φεύ-

125 1098 237 1154 γοντας,
258 1075 355 1146 ἔλεγον
373 1074 410 1136 τά
429 1069 614 1152 ἐντεταλμένα
632 1075 688 1137 ῦπθ
708 1074 926 1154 Πεισιστράτου,

127 1162 258 1239 θαρσέειν
273 1189 305 1222 τε
323 1162 481 1226 κελεύοντες
498 1164 546 1222 καὶ
563 1161 681 1233 οἷπιέναι,
697 1164 814 1227 ἔκαστος
829 1164 875 1223 ἐπὶ
890 1163 928 1244 τά

127 1252 240 1310 ἑωυτοῦ.
280 1251 457 1327 Πειθομένων
483 1250 513 1310 δέ
538 1255 593 1310 τιῦν
614 1250 775 1327 Ἀθηναίων,
799 1251 870 1311 οὕτω
893 1251 976 1328 δή64

127 1339 335 1415 Πεισίστρατος
346 1338 380 1399 τὰ
392 1340 486 1416 τρίτον
498 1338 580 1418 σχιῦν
590 1337 719 1414 Ἀθήνας,
733 1340 864 1416 ἐρρίζωσε
874 1338 928 1415 τήν

126 1426 274 1502 τυραννίδα
296 1425 471 1504 ἐπικούροισί
489 1452 521 1487 τε
544 1430 690 1496 πολλοῖσι,
712 1426 758 1485 καὶ
779 1427 929 1506 χρημάτων

127 1513 281 1587 συνόδοισι,
297 1514 364 1596 (τῶν
381 1517 433 1593 μέν
449 1513 565 1576 αύτόθεν
580 1517 636 1574 τῶν
652 1513 683 1573 δὲ
698 1494 754 1574 άπό
770 1515 929 1592 Στρυμόνος

126 1605 256 1679 ποταμοῦ
273 1602 443 1684 σννιόντων,)
456 1602 578 1681 ὁμήρους
588 1628 620 1665 τε
634 1606 691 1663 τῶυ
702 1603 926 1681 παραμεινάντων

126 1687 280 1767 Ἀθηναίων
299 1691 346 1751 καὶ
364 1689 406 1769 μή
426 1690 524 1753 αὐτίκα
544 1689 690 1773 φυγόντων
708 1691 809 1755 παῖδας
828 1691 928 1769 λαβών

128 1779 175 1838 καὶ
193 1778 373 1855 καταστήσας
391 1784 419 1843 ἐς
436 1778 543 1851 Νάξον·
564 1780 623 1859 (καὶ
636 1778 692 1861 γάρ
708 1779 811 1856 ταύτην
826 1779 842 1839 ὁ
860 1787 927 1841 Πει-

127 1867 280 1944 σίστρατος
296 1868 503 1946 κατεστρέψατο
519 1869 634 1947 πολέμῳ
647 1868 693 1926 καὶ
710 1868 842 1947 ἐπέτρεψε
853 1876 930 1950 Λυγε

127 1953 216 2034 δόμα)
229 1954 299 2032 πρός
306 1980 338 2015 τε
347 1956 387 2015 έτι
395 1954 591 2031 τούτοισι,τήυ
599 1959 689 2032 νῆσον
697 1959 796 2032 Δήλου
805 1955 928 2036 καθήρας

128 2045 158 2101 ἐκ
174 2046 230 2102 τιῦν
242 2043 353 2123 λογίων,
367 2043 489 2122 καθήρας
501 2043 531 2103 δέ
546 2040 608 2103 ὦδε·
628 2040 670 2102 ἐπ’
683 2042 753 2103 ὅσον
765 2044 863 2122 ἔποψις
877 2049 928 2105 τοῦ

129 2132 190 2206 ἱροῦ
203 2128 268 2210 εἶχε,
283 2135 313 2189 ἐκ
325 2129 424 2191 τούτου
437 2136 487 2191 τοῦ
499 2130 592 2210 χώρου
607 2129 711 2193 παντός
722 2130 928 2207 ἐξορύξαςτούς

128 2216 247 2294 νεκρούς,
262 2217 415 2295 μετεφόρεε
431 2222 458 2281 ές
474 2216 565 2278 άλλον
578 2221 671 2297 χῶρον
685 2220 736 2293 τῆς
752 2217 859 2293 Δήλου·
880 2221 927 2279 καὶ

129 2306 335 2382 Πεισίστρατος
351 2307 403 2382 μὲν
419 2303 577 2382 ἐτυράννευε
592 2303 755 2381 Ἀθηναίων·
774 2305 928 2383 Ἀθηναίων

128 2391 158 2451 δέ
173 2396 200 2451 οἱ
212 2394 264 2470 μέν
281 2396 309 2452 ἐν
321 2396 357 2471 τῇ
368 2392 446 2471 μάχῃ
460 2391 656 2453 ἐπεπτώκεσαν
669 2397 696 2452 οἱ
712 2392 742 2452 δέ
755 2392 844 2455 αύτιῦν
855 2394 927 2473 μετά

127 2477 365 2557 Ἀλκμαιωνιδέων
377 2481 497 2561 ἔφευγον
509 2484 540 2539 ἐκ
551 2483 603 2556 τῆς
615 2481 729 2557 οἲκηΐης.
778 2486 785 2499 “

167 2566 238 2631 Τοῦς
246 2566 526 2644 μέννυνἈθηναίους
535 2571 651 2628 τοιαῦτα
659 2568 709 2629 τόν
716 2566 819 2647 χρόνον
827 2574 927 2632 τοῦτον
936 2574 974 2631 65

129 2653 294 2715 ἐπυνθάνετο
311 2654 327 2715 ό
344 2657 469 2735 Κροῖσος
485 2656 647 2735 κατέχοντα·
666 2656 730 2720 τοῦς
748 2655 779 2715 δὲ
793 2659 926 2718 Λακεδαι-

128 2743 239 2820 μονίους
251 2747 282 2802 ἐκ
295 2746 385 2803 κακῶν
394 2768 425 2803 τε
436 2743 568 2825 μεγάλων
576 2744 759 2825 πεφευγότας,
773 2745 819 2803 καὶ
832 2745 927 2810 ἐόντας

130 2828 181 2907 ήδη
195 2834 234 2909 τῷ
250 2832 366 2910 πολέμῳ
383 2832 597 2909 κατυπερτέρους
614 2833 779 2912 Τεγεητέων.
810 2833 856 2892 ἐπὶ
871 2833 926 2913 γάρ

130 2918 248 2981 Λέοντος
263 2917 467 2993 βασιλεύοντος
487 2919 533 2977 καὶ
549 2918 737 3000 Ἡγησικλέος
755 2924 785 2978 ἐν
801 2918 925 3000 Σπάρτῃ,

130 3004 192 3069 τοῦς
207 3003 312 3069 ἄλλους
324 3006 466 3083 πολέμους
478 3003 652 3089 εὐτυχέοντες
667 3008 694 3065 οἱ
706 3004 926 3081 Λακεδαιμόνιοι,

132 3092 198 3171 πρός
222 3091 361 3173 Τεγεήτας
385 3092 502 3170 μούνους
527 3092 727 3169 προσέπταιον.
767 3089 801 3151 τό
827 3091 858 3150 δὲ
887 3094 928 3153 ἔτι

132 3179 264 3259 πρότερον
284 3178 397 3251 τούτων,
418 3180 464 3239 καὶ
487 3177 708 3256 κακονομώτατοι
729 3176 804 3253 ἦσαν
825 3179 929 3257 σχεδόν

133 3266 238 3330 πάντων
246 3267 399 3345 Ἑλλήνων,
410 3265 480 3328 κατά
491 3291 523 3327 τε
534 3265 627 3342 σφέας
637 3262 742 3334 αύτούς,
754 3265 800 3323 καὶ
813 3265 928 3334 ξείνοισι
