2150 3500
342 489 697 565 ‘HPOAOTOY

242 640 502 713 ἸΣΤΟΡΙΩΝ
536 642 791 710 ΤΕΤΑΡΤΗ.

470 812 571 841 ..ο-

134 1040 243 1095 ΜΕΤΑ
264 1032 295 1095 δέ
316 1034 369 1111 τήν
391 1036 565 1112 Βαβυλῶνος
588 1038 698 1115 αἵρεσιν
721 1035 830 1118 ἐγένετο
851 1032 928 1094 ἐπέῙ

94 1120 204 1187 Σκύθας
222 1120 256 1182 αὖ
273 1125 324 1182 τοῦ
340 1123 461 1199 Δαρείου
478 1124 585 1188 ἔλασις.
620 1123 758 1200 ἀνθεύσης
771 1123 828 1205 γιέρ
845 1126 897 1198 τῆς

92 1208 193 1286 Ἀσίης
210 1207 330 1287 όνδρόσι
349 1212 396 1269 καὶ
415 1211 567 1290 χρημάτων
584 1211 718 1292 μεγάλων
736 1210 897 1279 συνιόντων,

94 1296 254 1374 ἐπεθύμησε
272 1296 289 1357 ό
307 1300 425 1374 Δαρεῖος
440 1297 579 1359 τίσασθαι
599 1298 717 1369 Σκύθας,
736 1297 780 1358 ὅτι
798 1300 898 1356 ἐκεῖνοι

93 1382 225 1462 πρότεροι
239 1384 415 1462 ἐσβαλόντες
428 1389 456 1449 ἐς
467 1385 520 1461 τήν
529 1384 661 1462 Μηδικήν
674 1384 720 1444 καὶ
733 1383 898 1460 νικήσαντες

93 1470 173 1550 μόχη
188 1470 255 1535 τούς
270 1470 464 1549 ἀντιουμένους
479 1470 607 1551 ύτῆρξαν
624 1471 741 1548 ἀδικίης.
773 1475 825 1547 τῆς
839 1468 897 1552 γοῖρ

94 1556 151 1619 ἅνω
172 1557 273 1635 Ἀσίης
293 1558 390 1637 ἦρξαν,
415 1558 451 1623 ὦς
474 1561 521 1620 καὶ
546 1558 684 1639 πρότερόν
707 1584 757 1636 μοι
781 1560 895 1636 εἴρηται,

96 1645 202 1710 Σκύθαι
214 1649 276 1706 ἔτεα
289 1646 360 1707 δυῶν
370 1646 468 1707 δέοντα
479 1646 639 1725 τριήκοντα·
656 1647 829 1726 Κιμμερίους
838 1644 894 1727 γὰρ

95 1733 284 1800 ἐπιδιώκοντες
295 1735 438 1812 ἐσέβαλον
449 1740 476 1800 ἐς
485 1735 537 1812 τήν
550 1734 660 1813 Ἀσίην,
669 1733 899 1800 καταπαύσαντες

94 1826 146 1899 τῆς
163 1822 253 1903 ἅρχης
274 1823 399 1899 Μήδους·
421 1822 498 1885 οὗτοι
513 1825 569 1906 γάρ
584 1825 652 1904 πρὶν
669 1823 688 1901 ή
705 1823 815 1890 Σκύθας
832 1821 894 1884 ἅπι·

33 1983 39 1986 -
96 1910 197 1971 κέσθαι
209 1910 297 1992 ἦρχον
309 1914 360 1987 τῆς
372 1910 482 1988 Ἀσίης.

136 1996 208 2062 Τούς
225 1999 256 2058 δέ
274 1998 383 2064 Σκύθας
398 1997 636 2076 ἀποδημήσαντας
653 1997 726 2059 ὄκτῶ
742 1998 789 2058 καὶ
806 1999 898 2058 εἴκοσι

97 2085 168 2158 έτεα,
192 2087 239 2146 καὶ
262 2085 308 2146 διαὶ
333 2085 438 2166 χρόνον
460 2085 599 2147 τοσούτου
625 2086 771 2150 κατιόντας
794 2091 821 2149 ἐς
845 2083 898 2160 τήν

95 2174 246 2252 σφετέρην,
260 2173 403 2245 ἐξεδέξατο
420 2173 471 2235 ούκ
489 2173 622 2234 ἐλάσσων
636 2172 722 2237 πόνος
738 2176 789 2233 τοῦ
808 2170 909 2252 Μηδι-1

96 2265 157 2322 κοῦ·
171 2260 250 2341 εὖρον
259 2261 315 2344 γὰρ
325 2261 505 2340 ἀντιουμένην
515 2267 573 2340 σφι
579 2259 716 2339 στρατιήν
727 2259 778 2320 ούκ
788 2258 898 2339 ὀλίγην·
961 2324 964 2330 ,

96 2351 126 2410 αἶ
147 2348 202 2430 γὰρ
224 2353 281 2411 τῶν
302 2351 430 2414 Σκυθέων
449 2353 585 2432 γυναῖκες,
608 2349 644 2413 ὥς
670 2355 727 2425 σφι
751 2351 778 2409 οἶ
802 2347 899 2426 ἄνδρες

95 2435 212 2513 ἀπῆσαν
220 2436 324 2516 χρόνον
333 2437 454 2509 πολλόν,
466 2439 596 2513 ἐφοίτεον
604 2436 681 2517 παρὰ
694 2435 760 2500 τούς
773 2435 899 2499 δούλους.

95 2524 168 2589 Τούς
187 2524 218 2584 δέ
239 2525 357 2589 δούλους
376 2528 404 2585 οἱ
423 2525 529 2589 Σκύθαι
549 2524 657 2590 πάντας
676 2528 830 2601 τυφλοῦσι,
850 2523 933 2584 τοῦδ

95 2611 238 2693 γάλακτος
253 2614 355 2674 εἶνεκεν
369 2617 419 2673 τοῦ
437 2614 560 2687 πίνουσι,
574 2617 715 2676 ποιεῦντες
733 2610 794 2672 ὧδε·
816 2610 901 2672 ἐτεόν

97 2705 262 2779 φυσητῆρας
285 2701 402 2779 λάβωσι
425 2699 568 2766 ὀστεΐνους
594 2700 710 2760 αύλοῖσι
735 2704 900 2778 προσεμφε·

94 2787 256 2866 ρεστιίτους,
274 2788 388 2852 τούτους
408 2789 536 2853 ἐσθέντες
556 2792 584 2852 ἐς
602 2791 659 2848 τῶν
679 2787 788 2864 θηλέων
808 2787 900 2845 ἳππων

95 2874 132 2935 τό
147 2873 239 2954 ἄρθρα
256 2881 373 2954 φυσῶσι
389 2880 466 2937 τοῖσι
486 2874 623 2953 στόμασι·
644 2872 730 2933 ἄλλοι
748 2874 786 2944 δὲ,
803 2870 899 2933 ἄλλων

98 2963 270 3039 φυσεόντών,
284 2963 453 3045 ἀμέλγουσι·
473 2965 562 3046 (φασὶ
575 2963 605 3023 δὲ
619 2961 701 3022 τοῦδε
715 2962 805 3021 εἵνεκα
816 2962 901 3020 τοῦτο

95 3052 209 3121 ποιέειν,
222 3055 273 3112 τοῦ
285 3051 335 3116 τὰς
349 3053 464 3130 φλέβας
476 3077 508 3112 τε
520 3050 706 3129 πίμπλασθαι
720 3047 902 3124 φυσεωμένας

95 3141 148 3214 τῆς
169 3139 255 3198 ἵππου
276 3140 323 3198 καὶ
339 3139 372 3199 τό
385 3138 473 3216 οὖθαρ
486 3139 654 3219 κατίεσθαι·)
676 3135 759 3197 ἐτεόν
772 3134 802 3194 δὲ
814 3132 901 3209 όμέλ-

97 3224 169 3295 ξωσι
182 3226 216 3286 τό
228 3225 314 3308 γάλα,
329 3226 476 3306 ἐσχέαντες
489 3230 517 3289 ἐς
530 3226 629 3295 ξύλινα
642 3223 746 3306 όγγήῐα
759 3225 844 3282 κοῖλα
856 3219 903 3280 καὶ

97 3313 308 3392 περιστίξαντες
319 3313 390 3372 κατὰ
398 3312 434 3372 τοὶ
444 3312 550 3394 οἷγγήῖα
558 3313 624 3376 τούς
632 3311 766 3389 τυφλούς,
775 3309 903 3372 δονέουσι
