2150 3500
190 124 239 173 τοι
497 122 682 172 Ἦνοιοτου
930 118 995 184 [m

191 200 305 277 λόμενα,
328 200 426 261 κτείνει
447 225 497 277 μιν
516 198 610 259 ὀπίσω
631 196 821 275 κομιζόμενον,
844 195 954 274 ἄνδρας
972 200 997 256 οί

190 286 308 352 ὕπείσας
324 286 383 348 κατ’
395 287 468 358 ὁδόν,
485 285 651 349 άποκτείνας
665 286 697 346 δέ
712 311 761 363 μιν
776 283 907 361 ἠφάνισε
925 282 998 365 αὐτῷ

146 376 297 453 127ίππιρ.
339 379 458 453 Δαρεῖος
477 374 507 435 δέ
527 373 564 438 ὥς
584 375 653 453 ἔσχε
671 399 724 448 την
743 398 844 452 αρχην,
862 372 998 448 επεθόμεε

189 463 238 523 τόν
256 462 387 541 Ὀροίτεα
404 463 549 531 τίσασθαι,
567 462 679 522 πάντων
694 486 727 520 τε
744 464 801 521 τῶν
816 459 998 535 ἀδικημάτων

190 551 292 610 εἵνεκεν
304 551 350 610 καὶ
362 549 491 625 μάλιστα
505 549 697 626 Μιτροβάτεω
710 548 820 607 καὶτοῦ
832 546 948 611 παιδός·
967 553 997 607 ἐκ

188 640 241 715 μὲν
263 636 299 713 δη
321 642 372 712 τῆς
396 638 481 710 ἰθείης
503 635 627 710 στρατόν
650 635 693 696 ἐπ’
715 634 802 696 αὐτόν
824 633 880 695 οὔκ
904 634 997 696 ἐδόκεε

187 726 316 803 πέμπειν,
343 723 392 785 ἅτε
420 721 563 785 οἰδεόντων
588 724 630 784 ἔτι
657 727 714 784 τῶν
739 722 925 803 πρηγμάτων,
952 726 997 783 καὶ

188 813 289 873 νεωστὶ
307 814 377 892 ἔχων
391 812 444 887 τήν
464 811 563 891 ἀρχὴν,
580 812 627 871 καὶ
646 810 697 872 τόν
714 811 849 888 Ὀροίτεα
865 810 997 891 μεγάλην

189 899 242 976 τήν
259 899 343 979 ἶσχόν
355 898 563 976 πυνθανόμενος
579 900 661 978 ἐχειν·
681 897 732 959 τόν
746 898 837 977 χίλιοι
855 901 911 973 μὲν
924 904 996 975 Περ-

185 989 259 1048 σέων
272 986 466 1065 ἐδορυφόρεον,
480 985 539 1065 εἶχε
554 986 585 1046 δὲ
600 986 688 1064 νομόν
698 985 749 1048 τόν
761 1011 793 1045 τε
808 984 939 1066 Φρύγιον
952 988 997 1046 καὶ

186 1075 291 1136 Λύδιον
310 1076 357 1137 καὶ
373 1073 503 1135 Ἰωνικόν·
523 1074 595 1152 πρός
613 1078 702 1134 ταῦτα
721 1073 756 1150 δὴ
774 1072 813 1134 ὧν
831 1071 851 1133 ό
871 1078 995 1150 Δαρεῖος

185 1162 253 1224 τάδε
265 1160 473 1243 ἐμηχανήσατο·
493 1161 676 1243 συγκαλέσας
688 1161 824 1237 Περσέων
837 1160 908 1225 τούς
925 1162 995 1223 δοκι-

186 1250 336 1328 μωτάτους,
351 1250 431 1331 ἔλεγέ
449 1256 506 1327 σφι
518 1250 595 1309 τάδε·
618 1259 637 1285 “
645 1248 667 1309 ὦ
682 1250 804 1325 Πέρσαι,
821 1249 869 1313 τίς
888 1248 928 1310 ἅν
947 1277 996 1327 μοι

186 1343 270 1401 τοῦτο
282 1338 372 1416 ὖμέων
384 1337 510 1400 ὖποστιές
522 1338 694 1398 ἐπιτελέσειε
707 1336 808 1417 σοφίῃ,
821 1337 872 1397 καὶ
885 1338 932 1414 μὴ
944 1341 996 1417 βίη

185 1451 217 1487 τε
237 1428 283 1487 καὶ
303 1426 411 1506 όμίλῳ;
435 1418 513 1506 (ἔνθα
532 1424 589 1505 γάρ
609 1426 715 1502 σοφίης
734 1425 798 1495 δέει,
818 1426 892 1501 βίης
913 1428 997 1507 ἔργον

188 1512 289 1592 οὐδέν)
309 1512 400 1590 όμέων
412 1512 446 1588 δη
461 1510 498 1573 ὦν
509 1513 553 1575 τίς
564 1538 615 1589 μοι
627 1512 757 1592 Ὀροίτεα
770 1510 789 1589 ἢ
803 1512 916 1584 ζοίοντα
929 1514 997 1595 ιῖγά-

185 1625 240 1681 γοι,
264 1600 284 1676 ἢ
306 1598 492 1669 άποκτείνειε;
520 1599 553 1664 ὃς
573 1600 708 1677 ὦφέλησε
730 1601 782 1677 μέν
810 1626 851 1659 κω
875 1603 998 1678 Πέρσας

185 1686 273 1757 ου’δέν,
287 1687 359 1748 κακαὶ
376 1687 406 1748 δέ
422 1686 536 1770 μεγάλα
554 1688 643 1770 ἔοργε·
663 1691 748 1750 τοῦτο
764 1689 818 1766 μὲν
830 1687 884 1748 δύο
899 1688 997 1767 ἡμέων

184 1775 318 1852 ἠίστωσε,
328 1775 516 1853 Μιτροβάτεά
527 1801 559 1836 τε
572 1778 619 1836 καὶ
630 1775 681 1838 τόν
689 1768 776 1837 παῖδα
789 1774 889 1837 αὐτοῦ·
908 1783 997 1840 τοῦτο

185 1863 216 1923 δὲ
229 1865 275 1924 καὶ
284 1864 349 1927 τούς
362 1863 569 1928 ἀνακαλέοντας
582 1863 668 1924 αὐτόν
680 1864 726 1923 καὶ
736 1865 940 1941 πεμπομένους
949 1865 995 1926 ἐπ’

185 1955 253 2029 ἐμεῦ
269 1953 374 2022 κτείνει,
388 1950 474 2030 ὕβριν
489 1951 539 2012 οόκ
558 1950 717 2030 άνάσχετον
729 1951 848 2027 φαίνων.
883 1955 957 2030 πρίν
967 1980 996 2014 τι

185 2039 223 2100 ὧν
234 2041 318 2119 μέζον
328 2040 539 2121 ἐξεργάσασθαί
547 2064 597 2117 μιν
609 2040 726 2116 Πέρσας
738 2038 832 2108 κακόν,
844 2044 994 2118 καταλαμ-

140 2129 196 2188 128
204 2131 289 2193 πτέος
313 2129 376 2190 ἐστὶ
401 2127 469 2204 ἡμῖν
495 2125 629 2207 θανάτῳ.”
670 2130 789 2204 Δαρεῖος
819 2129 876 2204 μὲν
900 2133 995 2189 mssa
1049 2176 1050 2179 π

185 2217 328 2295 ἐπειρώτα·
355 2219 394 2296 τῷ
407 2216 437 2276 δὲ
450 2214 546 2293 ἄνδρες
557 2215 707 2293 τριήκοντα
718 2215 895 2291 όπέστησαν,
909 2216 995 2281 αότός
1049 2198 1050 2259 λ

186 2304 302 2368 ἕκαστος
318 2305 421 2365 ἐθέλων
432 2304 536 2364 ποιέειν
549 2307 648 2364 ταῦτα·
668 2303 808 2380 ἐρίζοντας
823 2303 855 2363 δέ
870 2309 992 2382 Δαρεῖος
1048 2328 1049 2335 ’

186 2391 383 2468 κατελάμβανε
404 2390 522 2452 κελεύων
543 2390 718 2452 πάλλεσθαι·
738 2391 931 2467 παλλομένων
952 2393 991 2466 δὲ,

184 2479 321 2557 λαγχάνει
333 2483 364 2538 ἐκ
376 2479 486 2542 πάντων
499 2482 623 2561 Βαγαῖος
636 2478 653 2540 ὁ
664 2477 827 2556 Ἀρτόντεω·
844 2479 948 2558 λαχιόν
961 2479 993 2540 δέ
1047 2486 1049 2617 ἱ

183 2563 200 2623 ό
214 2568 337 2647 Βαγαῖος
348 2566 436 2625 ποιέει
448 2566 552 2627 τοιάδε·
571 2567 680 2644 βιβλία
692 2565 873 2647 γραψάμενος
889 2567 992 2627 πολλά

186 2651 233 2714 καὶ
246 2653 311 2730 περὶ
326 2655 443 2713 πολλῶν
455 2653 556 2732 ἔχοντα
570 2655 750 2736 πρηγμάτων,
764 2653 914 2735 σφρηγῖδά
933 2661 994 2730 σφι

185 2740 310 2817 ἐπέβαλε
324 2741 377 2816 τήν
397 2742 526 2818 Δαρείου·
547 2742 620 2817 μετά
640 2742 678 2812 δὲ,
694 2740 739 2816 ἤϊε
759 2742 830 2819 ἔχων
848 2744 943 2801 ταῦτα
963 2747 993 2806 ἐς

186 2827 237 2889 τάς
260 2827 370 2905 Σάρδις·
387 2827 563 2904 ’ἀπικόμενος
587 2829 618 2887 δέ
641 2830 687 2887 καὶ
708 2828 842 2904 Ὀροίτεω
867 2833 897 2892 ἐς
923 2828 993 2906 ὄψιν

186 2911 283 2982 ἐλθιόν,
294 2918 349 2973 τῶν
359 2914 486 2987 βιβλίων
496 2915 524 2972 ἐν
535 2915 655 2974 ἕκαστον
663 2913 888 2991 περιαιρεόμενος
898 2915 994 2976 ἐδίδου

182 2998 221 3073 τῷ
239 3003 439 3076 γραμματιστῇ
458 3003 497 3076 τῷ
516 3001 662 3078 βασιληίῳ
683 2999 876 3080 ἐπιλέγεσθαι·
896 3027 992 3081 γραμ-

181 3083 319 3152 ματιστὰς
337 3083 367 3140 δέ
383 3084 554 3157 βασιληίους
569 3087 598 3142 οἱ
614 3087 716 3148 πάντες
733 3087 857 3165 ὕπαρχοι
876 3089 995 3165 ἐχουσιι

189 3160 198 3179 2
327 3165 335 3186 ν

179 3187 417 3240 αποπειρεωμενος
430 3168 460 3224 δὲ
472 3172 528 3227 τῶν
541 3169 705 3247 δορυφόρων
718 3173 809 3232 ἐδίδου
821 3173 858 3232 τά
874 3175 991 3248 βιβλία

180 3244 197 3301 ό
214 3251 345 3324 Βαγαῖος,
362 3254 387 3307 εί
407 3252 562 3319 ἐνδεξαίατο
582 3252 746 3319 άπόστασιν
764 3257 822 3318 άτδ
838 3258 989 3336 Ὀροίτεω·
