2150 3500
115 65 226 130 37-43]
405 68 633 120 ΜΕΛΠΟΜΕΝΗ.
867 65 918 118 293

114 142 232 220 Ἰνδικῆς
255 145 373 208 οἰκέεται
394 144 491 221 Ἀσίη·
512 147 547 209 τδ
568 148 598 208 δὲ
617 146 676 208 οἶπδ
691 146 794 224 ταύτης
812 150 915 224 ἔρῆμος

113 229 168 307 ἤδη
180 231 214 292 τδ
229 232 299 309 πρδς
310 234 363 308 τήν
374 232 424 310 ἠῶ,
439 233 496 294 οὐδ’
509 235 567 313 ἔχει
579 232 667 296 οὐδεὶς
686 231 797 311 φράσαι
810 233 869 293 οἷον
882 233 917 307 δή

113 319 145 377 τί
156 323 227 379 ε’στι·
247 319 362 396 τοιαύτη
374 323 426 397 μὲν
439 322 486 380 καὶ
500 321 626 397 τοσαύτη
639 321 658 396 ἦ
671 319 756 396 Ἀσίη
771 321 842 381 ἐστί.
877 319 914 379 Ἠ
924 321 961 380 41

114 405 146 465 δὲ
164 405 262 483 Λιβύη
282 412 311 467 ε’ν
330 413 366 486 τῇ
386 407 458 487 άκτῇ
477 412 513 487 τῇ
533 409 612 488 ἑτέρη
631 409 702 468 ε’στί·
723 407 780 468 άπδ
798 406 853 488 γάρ
866 411 914 467 Αί-

113 493 222 574 γύπτου
241 495 338 572 Λιβύη
358 495 412 573 ἤδη
437 497 584 556 ἐκδέκεται.
627 495 698 556 κατὰ
720 497 773 572 μέν
795 520 843 556 νυν
866 495 915 554 At-

113 582 250 660 γυπτονῆ
263 582 334 659 α’κτῆ
349 583 419 659 αὐτη
432 583 529 660 στεινή
544 589 615 644 ε’στι·
631 582 688 644 άπύ
700 583 756 664 γάρ
765 582 853 658 τῆσδε
864 586 916 657 τῆς

114 668 266 746 θαλάσσης
279 675 307 734 ἐς
319 670 372 746 τὴν
383 669 522 749 Ἐρυθρὴν
543 662 773 732 θάλασσαν’δέκα
785 669 915 748 μυριάδες

115 756 172 815 είσὶ
185 756 324 838 ὀργυιέων·
345 756 427 819 αὐτοι
444 759 468 817 δ’
481 756 515 819 ἂν
528 758 583 819 εἶεν
594 760 685 838 χίλιοι
697 758 817 818 στάδιοι·
837 756 871 816 τύ
885 757 915 816 δὲ

114 839 174 904 άπδ
199 849 249 904 τοῦ
273 849 384 906 στεινοῦ
408 846 509 907 τούτου
535 844 624 924 κάρτα
649 845 759 906 πλατέα
784 842 915 926 τυγχάνει

115 934 203 991 ἐοῦσα
219 932 239 1008 ἦ
257 932 326 1008 dxv)
344 932 405 1010 ἥτις
423 934 521 1011 Λιβύη
539 935 679 1011 κέκληται.

156 1020 298 1097 Θωυμάζω
316 1019 353 1080 ὧν
368 1023 424 1081 τῶν
436 1021 633 1099 διουρισάντων
647 1022 693 1081 καὶ
706 1019 853 1082 διελόντων
864 1023 961 1081 sxa-42

112 1104 190 1182 βύην
200 1132 232 1167 τε
245 1109 292 1167 καὶ
303 1105 406 1184 Ἀσίην
419 1109 467 1168 καὶ
477 1109 623 1187 Εὐρώπην·
645 1108 677 1169 οὐ
689 1108 745 1189 γάρ
759 1107 865 1186 σμικροὶ
877 1107 914 1167 τοὶ

114 1193 286 1271 διαφέροντα
303 1195 406 1256 αὐτέων
424 1197 495 1256 ε’στί·
515 1195 598 1272 μήκεϊ
610 1198 662 1272 μὲν
674 1194 730 1277 γάρ
742 1193 808 1272 παρ’
821 1187 913 1271 άμφο·

48 1301 62 1312 ··
113 1281 196 1358 τέρας
211 1281 331 1360 παρήκει
345 1282 365 1359 ἦ
380 1282 510 1361 Εὐρώπη,
524 1281 616 1360 εύρεος
632 1283 662 1342 δδ
679 1283 751 1360 πέρι,
766 1281 830 1341 οὐδὲ
842 1307 912 1358 συμ-

112 1370 232 1445 βαλέειν
252 1369 315 1447 ἀξίη
336 1371 468 1447 φαίνεταί
484 1396 535 1449 μοι
557 1369 635 1430 εἶναι.
669 1369 765 1446 Λιβύη
785 1371 837 1447 μὲν
855 1369 912 1450 γάρ

114 1455 200 1532 δηλοῖ
218 1456 320 1534 ἑωυτὴν
340 1461 427 1519 εὀῦσα
445 1458 618 1536 περίρρυτος,
637 1456 715 1533 πλήν
738 1457 807 1517 ὅσον
829 1454 915 1531 αὐτῆς

113 1544 186 1621 πρθς
198 1545 251 1623 τὴν
262 1545 364 1623 Ἀσίην
377 1546 486 1624 οὐρίζει,
499 1546 583 1606 Νεκιδ
594 1550 645 1607 τοῦ
658 1545 816 1626 Αἰγυπτίων
827 1545 914 1620 βασι·

114 1633 181 1696 λέος
196 1633 308 1711 πρώτου
324 1637 380 1695 τῶν
392 1633 474 1710 ἡμεῖς
490 1635 570 1712 ἴδμεν
583 1633 789 1703 καταδέξαντος·
810 1631 842 1695 ὃς
853 1632 916 1692 ε’πεί

112 1744 146 1779 τε
157 1718 211 1798 τήν
220 1720 341 1802 διώρυχα
351 1721 493 1783 ἐπαύσατο
506 1721 636 1801 ὀρύσσων
642 1721 695 1798 τὴν
705 1725 736 1781 ἐκ
744 1725 795 1783 τοῦ
803 1719 912 1781 Νείλου

113 1806 265 1888 διέχουσαν
279 1815 308 1873 ἒς
322 1809 373 1871 τδν
389 1809 528 1888 Ἀράβιον
547 1810 663 1884 κόλπον,
681 1810 829 1888 ἀπέπεμψε
848 1808 913 1867 Φοί-

114 1921 193 1960 νικας
211 1894 313 1976 ἄνδρας
327 1899 464 1969 πλοίοισι,
478 1897 669 1975 ἐντειλάμενος
686 1901 713 1960 ἔς
725 1896 759 1957 τδ
773 1896 864 1957 ὀπίσω
878 1894 912 1957 δι’

112 1980 293 2061 Ἡρακληίων
311 1985 439 2063 στηλέων
455 1983 609 2044 διεκπλέειν
622 1983 671 2046 ἕως
686 1987 714 2045 ἔς
728 1980 781 2057 τὴν
792 1981 915 2059 βορηίην

115 2070 276 2144 θάλασσαν,
295 2074 341 2133 καὶ
357 2071 428 2132 οὐτω
444 2076 472 2135 ἐς
487 2071 632 2151 Αἴγυπτον
647 2067 836 2129 α’πικνίεσθαι.
866 2068 913 2146 ὐρ-

113 2159 248 2236 μηθέντες
264 2158 301 2221 ὧν
317 2162 345 2220 οί
362 2159 486 2223 Φοίνικες
498 2162 530 2218 ἐκ
542 2160 594 2233 τῆς
605 2156 741 2234 Ἐρυθρῆς
754 2155 913 2233 θαλάσσης,

113 2245 217 2307 ἔπλεον
227 2246 279 2323 τὴν
291 2247 385 2323 νοτίην
398 2246 561 2308 θάλασσαν·
581 2243 650 2308 ὅκως
662 2244 692 2303 δὲ
701 2244 806 2326 γίνοιτο
817 2244 914 2319 φθινά·

114 2358 216 2411 πωρον,
236 2335 442 2415 προσίσχοντες
462 2333 498 2395 ἂν
518 2332 688 2410 σπείρεσκον
707 2331 760 2409 την
780 2334 843 2414 γῆν,
868 2332 913 2393 ἵνα

114 2421 248 2482 ἑκάστοτε
269 2425 321 2498 τῆς
341 2422 453 2500 Λιβύης
474 2422 608 2484 πλέοντες
627 2422 760 2503 γινοίατο,
781 2420 828 2481 καὶ
849 2421 913 2499 μέν·

113 2533 200 2569 εσκον
210 2509 261 2570 τδν
273 2507 390 2588 ἄμητον·
403 2510 563 2589 θερίσαντες
576 2508 599 2569 δ’
607 2506 698 2571 ἂντύν
708 2514 788 2571 σῖτον
802 2510 912 2571 ἔπλεον·

113 2594 187 2656 ὥστε
206 2594 256 2656 δύο
275 2598 356 2659 ε’τέων
371 2595 577 2681 διεξελθόντων,
589 2597 672 2677 τρίτῳ
686 2598 740 2659 ἔτεϊ
753 2596 912 2676 κάμψαντες

111 2680 286 2761 Ἡρακληίας
302 2685 412 2763 στήλας
429 2684 564 2747 ἀπίκοντο
577 2689 605 2748 ἒς
617 2686 770 2766 Αἴγυπτον·
792 2684 838 2744 καὶ
853 2686 910 2743 ἔλε-

110 2795 173 2850 γον,
190 2772 251 2849 ἐμοὶ
269 2774 323 2849 μὲν
343 2772 376 2835 οὐ
396 2772 486 2837 πιστά
505 2770 586 2851 ἄλλῳ
606 2771 637 2831 δὲ
656 2769 692 2847 δή
708 2796 768 2850 τεῳ,
785 2770 822 2834 οἷς
836 2795 872 2829 πε
891 2796 912 2830 ι-

111 2857 254 2923 πλώοντες
266 2858 319 2936 τὴν
334 2860 447 2937 Λιβύην
462 2860 513 2921 τδν
524 2859 623 2936 ἠέλιον
640 2858 725 2939 ἔσχον
738 2864 767 2922 ἐς
779 2858 815 2918 τοὶ
827 2797 912 2927 δεθιοί.

113 2944 195 3005 oium>
214 2949 266 3024 μὲν
281 2946 352 3024 αὕτη
370 2947 497 3029 ἐγνώσθη
508 2948 543 3008 τύ
559 2950 679 3024 πρῶτον·
699 2946 772 3023 μετὰ
784 2945 822 3017 δὲ,
836 2952 911 3022 Καρ-
921 2948 960 3007 43

110 3033 240 3114 χηδόνιοί
257 3039 314 3095 εἰσι
327 3038 355 3095 οἱ
367 3036 506 3117 λέγοντες·
528 3034 589 3095 ἐπεὶ
602 3033 757 3110 Σατάσπης
768 3059 803 3115 γε
815 3033 831 3093 ὁ
844 3032 913 3093 Τεά-

111 3146 206 3192 σπιος,
225 3120 296 3200 ἀνὴρ
316 3120 519 3203 Ἀχαιμενίδης,
542 3120 575 3182 οὐ
596 3122 772 3199 περιέπλωσε
792 3119 911 3197 Λιβύην,

111 3206 156 3269 ἐπ’
173 3208 240 3270 αὐτὰ
258 3212 344 3270 τοῦτο
359 3209 507 3286 πεμφθείς·
528 3206 607 3269 ἀλλὰ
623 3208 718 3273 δείσας
732 3208 766 3269 τό
778 3233 810 3271 τε
821 3211 911 3286 μῆκος

954 3303 1038 3398 Ι,Δ
