2150 3500
125 137 254 202 97-100]
477 137 591 188 κιυιω.
897 140 928 187 51

124 215 225 278 ἄλλων
236 213 331 292 ἧσσον
343 216 536 293 ἐπιμέλεσθαι·
556 216 726 295 πειθομένων
738 216 769 277 δέ
781 218 829 276 καὶ
840 220 929 277 ταῦτα

123 307 183 364 τῶν
191 302 304 379 Μήδων,
315 304 469 381 οἰκοδομέει
477 305 573 384 τείχεα
581 303 695 382 μεγάλα
703 329 735 364 τε
745 305 792 364 καὶ
802 304 930 382 καρτεροὶ,

123 395 217 452 ταῦτα
223 390 259 480 τοὶ
266 396 315 452 νῦν
323 391 489 473 Ἀγβάτανα
496 394 637 468 κέκληται,
647 393 741 470 ἕτερον
749 393 832 472 ἑτέρῳ
839 393 932 474 κύκλῳ
949 390 951 394 ’

126 482 290 539 ἐνεστεῶτα.
331 478 526 558 μεμηχάνηται
544 480 575 539 δὲ
593 479 665 540 οὕτω
680 485 763 541 τοῦτο
781 480 815 542 τδ
829 476 932 561 τεῖχος,

127 566 233 627 ὥστειί
250 569 341 644 ἔτερος
353 571 403 627 τοῦ
423 568 517 646 ἑτέρου
535 566 638 632 κύκλος
654 573 731 630 τοῖσι
748 574 932 650 προμαχεῶσι

125 655 262 733 μούνοισί
281 659 343 716 ἐστι
362 654 547 734 ὑψηλότερος.
587 654 621 716 τό
642 657 695 734 μέν
716 682 767 717 κου
786 683 815 718 τι
837 658 883 717 καί
898 657 932 718 τό

126 744 232 823 χωρίον
248 744 406 822 συμμαχέει
428 741 551 807 κολωνός
567 743 612 803 ε’δν
628 744 702 805 ὥστε
722 749 833 805 τοιοῦτο
855 745 932 816 εἶναι,

126 831 163 891 τδ
177 832 266 891 δὲκαὶ
278 829 392 909 μᾶλλόν
404 855 434 892 τι
447 830 624 908 ἐπετηδεύθη,
638 832 746 892 κύκλων
763 832 863 894 ἐόντων
877 838 933 894 τῶν

128 920 312 980 συναπάντων
328 918 408 979 ἐπτοί·
428 923 458 980 ἐν
474 919 505 978 δὲ
521 921 724 1000 τῷτελευταίῳ
740 921 777 980 τοί
789 920 933 998 βασιλήϊα

129 1007 222 1068 ἔνεστι
235 1008 282 1066 καὶ
295 1009 322 1066 οἰ
336 1007 483 1085 θησαυροί.
522 1007 557 1067 τό
571 1007 601 1066 δὲ
617 1007 707 1068 αὐτῶν
722 1009 858 1090 μέγιστόν
871 1014 932 1070 ε’στι

128 1098 223 1175 τεῖχος
244 1094 316 1154 κατοί
335 1094 386 1156 τδν
405 1093 545 1171 Ἀθηνέων
568 1093 671 1157 κύκλον
692 1096 821 1173 μάλιστά
842 1096 932 1174 κητδ

129 1184 262 1264 μέγαθος.
290 1186 341 1244 τοῦ
353 1185 405 1260 μὲν
415 1183 449 1259 δη
462 1181 574 1260 πριύτου
584 1183 688 1242 κύκλου
698 1188 726 1244 οἰ
737 1185 933 1265 προμαχεῶνές

131 1275 187 1332 εἰσι
194 1274 298 1332 λευκοί·
310 1275 362 1332 τοῦ
370 1271 399 1331 δέ
408 1271 535 1348 δευτέρου
545 1270 672 1348 μέλανες·
686 1271 780 1349 τρίτου
790 1273 820 1331 δέ
828 1272 931 1332 κύκλου

130 1361 276 1436 φοινίκεοι·
301 1358 434 1437 τετάρτου
452 1359 482 1418 δὲ
498 1359 616 1420 κυάνεοι·
639 1360 768 1438 πέμπτου
784 1359 814 1418 δέ
830 1360 932 1420 σανδα-

129 1445 246 1523 ράκινοι.
289 1447 359 1508 οὕτω
375 1447 485 1508 πάντων
501 1451 558 1508 τῶν
573 1446 681 1508 κύκλων
694 1450 721 1506 οἱ
736 1452 933 1528 προμαχεῶνες

129 1533 294 1613 η’νθισμένοι
315 1535 371 1594 εἰσί
392 1534 579 1613 φαρμάκοισι·
607 1533 658 1595 δύο
678 1535 709 1595 δὲ
731 1538 757 1594 οἰ
777 1538 933 1596 τελευταῖοι

121 1624 187 1690 Ιεἰσί
200 1623 217 1683 ό
229 1626 281 1701 μὲν
294 1624 556 1704 καταργυρωμένους
569 1622 585 1683 ὅ
598 1623 629 1683 δὲ
638 1625 933 1704 κατακεχρυσωμένους

131 1712 201 1791 ἔχων
213 1711 278 1775 τούς
290 1715 500 1791 προμαχεῶνας.

172 1805 267 1860 Ταῦτα
279 1803 331 1878 μέν
344 1800 378 1877 δὴ
391 1799 409 1860 ὁ
423 1799 546 1877 Δηϊόκης
556 1804 644 1880 ἑωυτῷ
656 1826 688 1861 τε
701 1802 803 1882 ἐτείχεε
813 1802 860 1860 καὶ
868 1801 933 1879 περὶ
941 1802 979 1861 99

130 1888 168 1950 τῶ
181 1892 281 1948 ἑωυτοῦ
295 1890 377 1949 οἰκία·
396 1887 448 1949 τδν
465 1888 495 1948 δέ
514 1888 605 1949 ἄλλον
622 1890 712 1966 δῆμον
726 1889 809 1966 πέριξ
823 1890 933 1950 ἐκέλευε

130 1977 165 2039 τό
175 1982 267 2057 τεῖχος
277 1977 382 2037 οἰκέειν.
413 1976 647 2055 οἰκοδομηθέντων
656 1978 687 2036 δὲ
695 1976 813 2047 πάντων,
823 1976 932 2054 κόσμου

130 2064 211 2126 τόνδε
225 2063 348 2141 Δηϊόκης
359 2064 468 2142 πρῶτός
482 2069 544 2125 ἐστι
557 2063 574 2123 ό
587 2064 843 2141 καταστησάμενος·
861 2065 934 2140 μήτε

132 2154 237 2213 ἐσιέναι
252 2152 329 2230 παρά
343 2153 471 2229 βασιλέα
483 2152 589 2230 μηδένα
604 2151 638 2211 δι’
653 2152 780 2233 α’γγέλων
793 2152 823 2209 δὲ
841 2151 932 2211 πάντα

131 2241 275 2321 χρέεσθαι,
289 2240 412 2318 ὁρᾶσθαί
422 2266 454 2301 τε
465 2241 593 2317 βασιλέα
604 2239 660 2300 ύπδ
673 2238 798 2317 μηδενός·
819 2239 890 2317 πρός
901 2266 934 2300 τε

131 2328 259 2391 τούτοισι
278 2330 327 2401 ἔτι,
339 2333 428 2410 γελᾶν
445 2356 478 2390 τε
498 2330 545 2388 καὶ
559 2327 655 2389 πτύειν
670 2327 764 2389 ἀντίον
779 2328 826 2387 καὶ
843 2326 934 2388 ἅπασι

133 2418 203 2479 εἰναι
215 2416 298 2479 τοῦτό
309 2443 344 2500 γε
357 2417 485 2496 αἰσχρόν.
517 2420 607 2477 ταῦτα
619 2417 649 2476 δὲ
661 2417 725 2495 περὶ
738 2415 839 2478 ἑωυτόν
851 2417 933 2494 ἐσέμ-

132 2531 196 2567 νυνε
212 2506 298 2567 τῶνδε
317 2506 425 2576 εἵνεκεν,
440 2505 509 2569 ὅκως
522 2502 557 2565 υἰν
569 2505 610 2582 μή
623 2504 739 2583 ὁρῶντες
751 2509 779 2565 οἰ
791 2504 932 2583 ὁμήλικες,

132 2594 224 2658 ἐόντες
236 2593 394 2671 σύντροφοί
408 2620 440 2654 τε
453 2594 546 2673 ἐκείνῳ
562 2594 609 2652 καὶ
624 2594 711 2670 οἰκίης
727 2593 760 2653 ού
779 2594 932 2671 φλαυροτέ·

132 2706 190 2759 ρης,
205 2680 268 2742 ούδέ
284 2686 314 2746 ἐς
329 2681 516 2763 ἀνδραγαθίην
533 2681 702 2760 λειπόμενοι,
720 2683 870 2741 λυπεοίατο
887 2681 934 2739 καί

133 2768 352 2847 ἐπιβουλεύοιεν,
377 2768 444 2829 άλλῖ
467 2770 586 2848 ἑτεροῖός
609 2777 667 2847 σφι
691 2770 782 2829 δοκέοι
802 2769 871 2828 εἰναι
892 2768 933 2845 μή

133 2856 232 2935 ὁρῶσι.
261 2857 343 2917 Ἐπεί
353 2884 385 2918 τε
398 2858 427 2917 δὲ
439 2861 528 2917 ταῦτα
541 2858 711 2935 διεκόσμησε
724 2858 771 2915 καὶ
784 2854 913 2933 ἐκράτυνε
923 2857 982 2915 100

133 2944 233 3007 ἐωυτδν
245 2950 282 3025 τῇ
294 2946 440 3022 τυραννίδι,
453 2945 490 3022 ἦν
504 2945 539 3006 τό
556 2946 660 3004 δίκαιον
677 2943 836 3021 φυλάσσων
849 2947 934 3022 χαλε-

132 3034 194 3097 πός·
215 3035 262 3093 καὶ
281 3032 331 3097 τάς
349 3059 381 3093 τε
401 3034 478 3098 δίκας
493 3032 652 3115 γράφοντες
668 3033 735 3091 εἵσω
750 3030 815 3108 παρ’
831 3035 934 3092 ἐκεῖνον

133 3122 354 3199 ἐσεπέμπεσκον,
363 3122 410 3181 καὶ
423 3124 524 3185 ἐκεῖνος
533 3120 677 3198 διακρίνων
685 3118 735 3183 τάς
745 3120 935 3197 ἐσφερομένας

133 3211 320 3289 ἐκπέμπεσκε.
360 3213 447 3270 ταῦτα
462 3211 514 3288 μὲν
529 3208 601 3269 κατὰ
615 3206 666 3271 τιίς
687 3208 763 3271 δίκας
779 3206 877 3267 ἐποίεε·
897 3206 934 3267 τοὶ

132 3298 163 3359 δὲ
175 3298 210 3375 δὴ
223 3297 301 3358 ἅλλα
315 3296 502 3375 ἐκεκοσμέατό
516 3298 553 3355 οἰ·
567 3296 593 3354 εἰ
603 3320 666 3356 τινα
678 3294 844 3355 πυνθάνοιτο
853 3293 935 3371 ὑβρί-
