2150 3500
202 110 252 161 ιυο
497 106 681 158 Ἤτοιοτοτ
945 104 1009 172 [m

202 188 248 249 καί
265 187 452 265 Πολυκράτεα
464 186 521 249 τδν
535 186 662 257 Αἰάκεος,
678 186 710 249 ὃς
729 186 802 265 έσχε
824 185 932 263 Σάμον
950 191 1010 245 ε’πα-

200 274 314 340 υαστάς·
340 275 388 335 καί
409 274 446 334 τά
468 277 521 353 μὲν
543 277 641 350 πρῶτα
657 278 747 353 τριχή
772 273 945 349 δασάμενος
964 274 1011 349 τήν

150 432 154 439 Ι
200 362 285 423 πάλιν
296 366 374 424 τοῖσι
386 360 554 438 ἀδελφεοῖσι
566 362 762 441 Πανταγνώτῳ
776 362 828 419 καὶ
846 362 1010 424 Συλοσῶντι

202 450 299 528 ἔνειμε·
322 450 394 528 μετοὶ
414 450 453 519 δὲ,
465 450 516 510 τδν
535 452 588 526 μὲν
607 447 698 509 αὐτῶν
718 447 896 512 ἀποκτείνας
915 448 967 509 τδν
984 449 1011 507 δὲ

200 538 331 615 νεάτερον
344 539 515 602 Συλοσῶντα
532 536 669 607 ἐξελάσας
687 538 756 616 έσχε
773 540 882 597 πᾶσαν
892 536 950 613 τήν
961 536 1011 601 Σά-

200 652 263 703 μον,
273 626 362 705 ἴσχων
372 625 410 696 δέ,
422 623 541 701 ξειῼην
553 623 662 701 Ἀμάσι
674 628 713 703 τῷ
724 622 878 704 Αἰγύπτου
890 625 1011 700 βασιλέῖ

201 713 382 788 συνεθήκατο,
404 713 521 788 πέμπων
540 736 572 773 τε
592 711 667 787 δυίρα
687 712 734 770 καί
755 710 919 788 δεκόμενος
937 710 1010 770 άλλα

200 799 265 877 παρ’
278 800 392 860 ἐκείνου.
426 805 455 860 έν
468 798 559 879 χρόνῳ
578 799 608 858 δὲ
624 798 711 878 ὀλίγῳ
724 796 828 858 αὐτίκα
845 803 901 859 τοῦ
919 803 1009 859 Πολυ

201 887 315 965 κράτεος
330 887 367 947 τά
378 886 532 968 πρήγματα
547 885 655 960 αὔξετο,
670 886 717 944 καὶ
734 884 770 961 ἦν
782 886 950 962 βεβωμένα
960 887 1009 947 άνά

200 1000 231 1035 τε
250 974 302 1051 τήν
320 974 428 1051 Ἰωνίην
447 976 494 1034 καὶ
513 974 567 1051 τήν
587 972 679 1049 άλλην
697 972 839 1048 Ἑλλάδα·
867 974 941 1035 ὅκου
958 975 1008 1055 γάρ

202 1061 306 1123 ἰθύσειε
333 1061 535 1140 στρατεύεσθαι
559 1061 651 1122 πάντα
677 1063 705 1121 οἰ
731 1059 837 1140 έχάρεε
865 1062 1007 1143 εὐτυχέως·

200 1151 298 1227 ἔκτητο
324 1150 354 1210 δὲ
379 1151 612 1228 πεντηκοντέρους
636 1174 668 1210 τε
694 1148 794 1208 ἔκατδν
821 1150 874 1209 καὶ
900 1153 1009 1229 χιλίους

200 1238 325 1309 τοξότας.
353 1239 435 1315 έφερε
448 1239 477 1297 δὲ
491 1239 537 1297 καὶ
549 1236 603 1318 ἦγε
615 1237 729 1306 πάντας,
740 1236 892 1313 διακρίνων
903 1238 1007 1299 οὐδένα·

200 1330 239 1406 τῷ
255 1328 310 1408 γὰρ
330 1328 407 1406 φίλῳ
420 1328 477 1403 ἔφη
490 1326 653 1406 χαριεῖσθαι
669 1328 784 1402 μάλλον
799 1322 960 1391 ἀποδιδούς
974 1327 1007 1386 τά

201 1415 290 1492 ἔλαβε
309 1414 329 1492 ή
348 1414 438 1493 άρχήν
458 1414 529 1491 μηδὲ
549 1412 659 1488 λαβάν.
693 1410 802 1491 συχνάς
819 1414 878 1488 μὲν
899 1414 939 1491 δή
956 1418 1008 1475 τῶν
1048 1441 1051 1444 ·

202 1501 295 1577 νήσου
308 1501 419 1579 αἰρήκεε
433 1500 531 1562 πολλὰ
547 1500 579 1559 δέ
594 1500 641 1560 καὶ
657 1492 708 1575 τής
724 1498 844 1577 ἠπείρου
863 1499 968 1572 άστεα,
980 1507 1007 1561 ἰν

199 1588 230 1648 δὲ
247 1589 344 1664 δήκαὶ
361 1590 506 1666 Λεσβίους
523 1591 699 1667 πανστρατιῇ
714 1588 894 1664 βοηθέοντας
915 1595 1007 1666 Μιλη-

201 1676 293 1737 σίοισι
304 1679 445 1757 ναυμαχίῃ
459 1676 601 1756 κρατήσας
617 1676 684 1736 εἷλε·
705 1675 733 1735 οἳ
747 1674 800 1752 τήν
813 1675 933 1755 τάφρον
945 1679 1007 1756 περί
1054 1707 1056 1711 “

154 1763 233 1826 4οτὁ
245 1767 338 1845 τεῖχος
350 1764 384 1826 τδ
398 1771 428 1825 ε’ν
438 1766 523 1845 Σάμῳ
536 1769 633 1826 πᾶσαν
646 1763 785 1841 δεδεμένοι
799 1763 923 1841 ὤρυξαν.
951 1769 1009 1827 Καί

201 1877 254 1916 κως
270 1852 322 1914 τάν
335 1851 463 1930 Ἀμοσιν
481 1852 616 1932 εὐτυχέων
633 1851 762 1933 μεγάλως
778 1850 796 1912 ά
814 1856 1006 1933 Πολυκράτης

200 1939 251 2000 οὐκ
264 1939 407 2012 ἐλάνθανε,
421 1939 500 2001 άλλά
514 1944 544 2001 οἰ
558 1938 632 2000 τοῦτ’
645 1939 681 2015 ἦν
693 1940 833 2016 ε’πιμελές·
855 1946 963 2023 πολλῷ
978 1945 1006 2004 δὲ

200 2028 241 2088 ἔτι
252 2027 371 2094 πλεῦνάς
381 2031 408 2091 οἱ
419 2028 545 2107 εὐτυχίης
554 2028 708 2110 γινομένης,
717 2027 829 2108 γράψας
841 2034 871 2093 ές
881 2031 1005 2108 βιβλίον

199 2115 265 2176 τάδε
278 2117 423 2178 ἐπέστειλε
435 2121 463 2180 ές
477 2115 583 2192 Σάμον·
600 2115 747 2192 “Ἀμασις
760 2119 947 2195 Πολυκράτει
956 2119 1004 2179 ὦδε

200 2204 287 2285 λέγει·
307 2204 359 2281 ήδύ
374 2207 426 2281 μὲν
437 2201 629 2265 πυνθάνεσθαι
644 2202 731 2281 ἄνδρα
744 2205 833 2280 φίλον
847 2205 897 2264 καὶ
917 2207 1004 2277 ξεῖνον

201 2289 231 2350 εἰ
243 2291 418 2369 πρήσσοντα,
434 2291 496 2368 ἐμοὶ
513 2291 544 2351 δὲ
559 2293 589 2351 αἰ
604 2291 655 2352 σαί
672 2291 795 2373 μεγάλαι
813 2291 944 2372 εὐτυχίαι
956 2294 1002 2354 οὐκ

201 2377 353 2455 ἀρέσκουσι
372 2379 405 2440 τδ
426 2380 502 2440 θεῖον
521 2379 697 2458 ἐπισταμένῳ
714 2378 750 2442 ὐς
770 2379 832 2439 ἔστι
852 2381 1001 2460 φθονεράν·

200 2465 249 2524 καί
258 2490 311 2529 κως
322 2466 555 2546 βούλομαι-καί
568 2465 651 2531 αὐτδς
664 2466 711 2526 καί
722 2470 778 2528 τῶν
789 2465 824 2526 (ἰν
833 2467 1002 2546 κήδωμαι-

198 2551 233 2613 τό
245 2553 298 2629 μέν
310 2578 338 2612 τι
352 2553 488 2632 εὐτυχέειν
500 2559 556 2616 τῶν
569 2554 740 2636 πρηγμάτων
751 2553 785 2614 τιί
798 2553 829 2613 δὲ
841 2559 1001 2632 προσπταί·

201 2666 249 2713 ειν,
262 2641 386 2713 ε’ναλλοίξ
395 2641 544 2720 πρήσσων·
561 2645 608 2704 καὶ
621 2642 692 2703 οὕτω
704 2642 846 2719 διαφέρειν
854 2644 908 2705 τδν
918 2651 1001 2706 αἰῶνα

200 2727 219 2807 ἢ
239 2728 376 2810 εὐτυχέειν
395 2730 431 2790 τοὶ
454 2730 555 2792 πάντα·
583 2730 681 2792 οὐδένα
703 2730 759 2812 γάρ
778 2756 818 2790 κω
838 2731 920 2813 λόγῳ
942 2735 1001 2794 οἰδα

200 2817 330 2888 ἀκούσας,
344 2818 423 2882 ὅστις
436 2823 464 2882 ἐς
478 2820 562 2884 τέλος
580 2819 613 2879 οὐ
631 2822 720 2882 κακῶς
735 2818 903 2895 ἐτελεύτησε
917 2822 1000 2900 τρόρ

198 2906 274 2981 ριζος
294 2905 429 2985 εὐτυχέων
447 2906 484 2965 τὰ
503 2907 604 2967 πάντα.
638 2905 677 2965 σύ
697 2905 736 2966 ὧν
755 2909 803 2966 νῦν
824 2909 889 2983 ε’μοί
909 2909 1000 2970 πειθά-

197 3016 280 3067 μενος
295 2994 417 3068 ποίησον
430 2991 500 3069 πρδς
512 2993 563 3054 τοίς
578 2991 704 3071 εὐτυχίας
719 2993 822 3053 τοιάδε·
843 2998 1001 3073 φροντίσας

198 3075 232 3134 τδ
253 3075 287 3136 ἰίν
307 3077 387 3155 εὕρῃς
408 3077 453 3136 ε’άν
472 3102 517 3137 τοι
536 3080 674 3137 πλείστου
695 3078 773 3148 ἄξιον
793 3081 840 3139 καί
860 3081 905 3141 ἔπ’
923 3081 947 3163 ᾧ
964 3085 1000 3144 σύ

197 3159 362 3240 ἀπολομένῳ
387 3163 515 3239 μάλιστα
541 3163 593 3237 τήν
619 3166 716 3243 ψυχήν
743 3167 892 3248 ἀλγήσεις,
919 3176 1002 3232 τοίττο
1047 3202 1048 3227 ι

197 3243 329 3319 οἷπάβαλε
349 3247 420 3306 οὕτω
439 3248 508 3311 ὅκως
527 3249 628 3324 μηκέτι
643 3250 706 3325 ἥξει
724 3258 753 3317 ές
772 3255 1003 3337 άνθράπους·ἦν
1046 3310 1047 3363 ἢ
