2150 3500
105 119 254 187 ιιι-ιιι]
455 122 568 173 mm.
805 169 806 172 ,
877 123 910 174 οι

108 199 248 277 κρίνοντες
257 199 321 262 ούτε
330 193 443 283 πρῶρην
453 201 629 284 συνάγοντες,
641 200 708 262 ἀλλ’
718 199 838 265 ἀσπίδος
850 198 920 279 πρῶ.

106 313 164 347 πον
177 290 345 366 κυκλοτερέα
357 289 537 364 ποιήσαντες·
555 290 601 349 καὶ
611 289 740 366 καλάμης
752 287 914 365 πλήσαντες

106 378 167 434 πᾶν
178 376 212 435 τῶ
228 380 332 436 πλοῖον
344 381 437 450 τοῦτο,
452 376 555 438 άπιῶσι
572 376 642 436 κατοὶ
657 376 707 437 τῶν
722 374 850 454 ποταμῶν
863 375 913 452 φέ·

106 464 210 540 ρεσθαι
227 465 349 540 φορτίων
366 463 537 539 πλήσαντες·
557 463 685 546 μάλιστα
698 465 728 524 δὲ
740 464 840 541 βίκους
853 463 917 542 φοι·Ι

106 551 230 628 νικηίους
242 550 398 634 κατάγουσι
412 552 487 612 οίνου
501 553 616 616 πλέους·
637 551 758 614 ἰθύνεται
771 552 801 610 δὲ
812 551 869 613 ύπύ
881 576 914 612 τε

107 637 159 696 δύο
170 637 327 715 πλήκτρων,
342 638 450 700 καὶδύο
466 639 573 718 ἀνδρῶν
586 639 677 718 ὀρθῶν
693 638 842 700 ἑστεώτων·
863 638 910 698 καὶ

106 723 125 784 ὅ
134 727 187 802 μὲν
197 727 252 785 ἔσω
262 727 338 786 ἐλκει
346 726 380 788 τέ
390 730 534 805 πλήκτρου
544 727 560 789 ὅ
571 729 601 788 δὲ
612 729 662 798 ἐξω
673 727 760 788 ῶθέει.
788 727 912 788 ποιέεται

106 812 140 872 δέ
152 814 199 872 καὶ
212 813 300 892 κάρτα
309 814 422 895 μεγάλα
431 820 519 876 ταῦτα
528 816 565 876 τα
577 820 665 876 πλοῖα
679 817 725 876 καὶ
738 813 862 886 ἐλάσσω,
874 813 912 876 τά

106 901 139 959 δὲ
146 902 269 984 μέγιστα
277 902 367 963 αύτῶν
376 906 422 963 καὶ
429 905 664 984 πεντακισχιλίων
671 904 815 964 ταλάντων
821 903 912 984 γόμον

107 988 176 1066 ἔχει·
197 995 227 1050 ἐν
236 989 345 1070 ἑκάστῳ
357 991 388 1051 δέ
396 993 487 1070 πλοίῳ
497 990 559 1056 ὄνος
570 992 638 1064 ζωός
648 993 747 1063 ἐνεστι,
759 997 788 1052 ἐν
798 991 828 1051 δὲ
834 995 911 1052 τοῖσι

106 1077 208 1153 μέζοσι
220 1082 344 1141 πλεῦνες·
367 1079 451 1138 ἐπεάν
464 1079 501 1140 αἰν
514 1079 666 1141 οἷπίκωνται
677 1080 811 1143 πλέοντες
821 1084 849 1143 ἐς
857 1078 911 1155 τήν

106 1166 277 1240 Βαβυλῶνα,
294 1167 341 1225 καὶ
359 1167 520 1228 διαθέωνται
535 1167 586 1227 τῶν
605 1166 719 1246 φόρτον,
738 1168 840 1245 νομέας
858 1169 911 1244 μὲν

104 1257 158 1311 τοῦ
170 1253 273 1313 πλοίου
287 1254 333 1313 καὶ
346 1254 398 1330 τήν
411 1253 543 1332 καλάμην
552 1259 649 1316 πᾶσαν
659 1253 707 1314 αἴτ’
718 1253 756 1315 ῶν
766 1254 909 1332 ἐκήρυξαν,

63 1400 66 1406 ,
105 1339 158 1403 τοὶς
171 1341 201 1400 δέ
213 1341 347 1418 διφθέρας
357 1342 538 1412 ἐπισάξαντες
552 1343 598 1402 ἐπὶ
609 1341 674 1406 τούς
687 1340 775 1414 ὅνους,
789 1340 911 1402 ἀπελαύ-

107 1453 190 1488 νουσι
209 1433 238 1493 ἐς
255 1429 321 1493 τούς
334 1429 505 1508 Ἀρμενίους·
526 1429 580 1490 α’νοὶ
594 1430 644 1492 τῶν
661 1429 790 1508 ποταμῶν
804 1429 859 1511 γάρ
876 1427 911 1506 δή

108 1515 159 1576 ούκ
173 1515 218 1576 οἶά
230 1519 263 1577 τέ
274 1523 336 1578 ἐστι
348 1519 445 1579 πλέειν
457 1518 547 1580 οὐδενὶ
561 1519 664 1600 τρόπῳ,
677 1517 732 1580 ύπδ
746 1517 847 1599 τάχεος
858 1523 910 1580 τοῦ

108 1609 248 1682 ποταμοῦ·
268 1605 314 1668 διά
327 1605 383 1686 γάρ
396 1610 485 1667 ταῦτα
497 1608 544 1667 καὶ
557 1607 608 1668 ούκ
621 1613 651 1668 ἐκ
665 1607 755 1678 ξύλων
768 1611 911 1668 ποιεῦνται

106 1691 145 1753 τοὶ
164 1697 261 1766 πλοῖα,
280 1693 347 1754 ἀλλ’
361 1699 392 1755 ἐκ
411 1695 573 1773 διφθερέων·
595 1695 679 1758 ἐπεάν
699 1697 729 1757 δέ
748 1694 812 1760 τούς
830 1693 911 1761 ὅνους

108 1780 272 1847 ἐλαύνοντες
281 1782 432 1844 άπίκωνται
441 1783 532 1843 ὀπίσω
543 1790 570 1847 ἐς
579 1784 644 1849 τούς
652 1784 821 1862 Ἀρμενίους,
834 1784 911 1844 ἄλλα

106 1867 204 1948 τρόπῳ
218 1874 257 1949 τῷ
272 1868 345 1951 αύτῷ
359 1875 502 1932 ποιεῦνται
516 1876 615 1932 πλοῖα.
655 1871 692 1932 τὰ
706 1874 759 1949 μέν
776 1872 809 1949 δή
822 1876 911 1933 πλοῖα

108 1956 224 2017 αὐτοῖσί
234 1963 296 2018 ἐστι
307 1962 432 2019 τοιαῦτα.
460 1958 581 2036 Ἐσθῆτι
594 1960 624 2020 δὲ
640 1960 734 2039 τοιῇδε
746 1962 887 2037 χρέωνται,
900 1962 957 2022 195

108 2046 205 2105 κιθῶνι
213 2046 361 2122 ποδηνεκέῖ
368 2048 461 2126 λινέῳ·
474 2048 521 2106 καὶ
526 2048 577 2106 ἐπὶ
586 2051 686 2109 τοῦτον
696 2045 786 2107 ἄλλον
797 2049 910 2125 εἰρίνεον

109 2132 214 2193 κιθῶνα
229 2132 374 2206 ἐπενδύνει,
390 2136 437 2194 καὶ
455 2136 601 2214 χλανίδιον
618 2133 718 2195 λευκῶν
737 2134 910 2211 περιβαλλό-

108 2245 200 2297 μενος,
216 2220 384 2299 ύποδήματα
401 2222 472 2302 ἔχων
484 2222 627 2301 ἐπιχώρια,
641 2222 830 2299 παραπλήσια
842 2226 910 2301 τῇσι

109 2309 262 2388 Βοιωτίῃσι
273 2309 391 2387 ἐμβάσι·
408 2314 546 2388 κομῶντες
555 2312 585 2369 δὲ
594 2308 645 2373 πῶς
655 2308 783 2387 κεφαλάς
794 2309 911 2389 μίτρῃσι

109 2394 281 2468 ἀναδέονται,
290 2399 494 2476 μεμυρισμένοι
505 2402 563 2458 πῶν
572 2396 605 2459 τῶ
615 2402 708 2475 σῶμα·
722 2398 869 2479 σφρηγῖδα
882 2398 912 2457 δέ

110 2482 229 2548 ἔκαστος
242 2486 307 2564 ἔχει,
321 2488 367 2545 καὶ
378 2490 525 2564 σκῆπτρον
532 2486 737 2565 χειροποίητον·
751 2484 793 2545 ἐπ’
804 2484 911 2565 ἑκάστῳ

109 2570 140 2630 δέ
155 2572 289 2653 σκήπτρῳ
306 2574 610 2651 ἐπεστιπεποιημένον
625 2572 644 2651 ἢ
659 2578 753 2653 μῆλον
765 2572 784 2650 ή
797 2572 911 2652 ῥύδονή

109 2660 204 2737 κρίνον
216 2660 235 2737 ἢ
248 2662 338 2726 αίετός
349 2661 453 2739 ἣάλλο
462 2687 499 2723 τι·
513 2662 579 2724 ἄνευ
587 2661 642 2745 γάρ
656 2661 796 2740 ἐπισήμου
810 2660 843 2721 ου’
854 2668 912 2739 σφι

108 2746 196 2824 νόμας
207 2750 269 2810 ἐστὶ
281 2750 354 2829 ἐχειν
366 2756 521 2829 σκῆπτρον·
541 2748 610 2827 αὕτη
622 2753 675 2828 μὲν
687 2749 722 2827 δή
735 2756 791 2827 σφι
804 2748 912 2827 ἄρτισις

107 2831 220 2907 περὶτὰ
233 2834 318 2908 σῶμα
330 2832 401 2892 ἐστί.
444 2880 449 2887 .
914 2880 916 2883 -

149 2916 245 2996 Νόμοι
258 2919 288 2978 δὲ
300 2917 411 2980 αύτοῖσι
424 2916 478 2979 ῶδε
487 2920 680 2982 κατεστέαται·
696 2917 713 2978 ὁ
726 2918 778 2995 μέν
796 2915 890 2992 σοφοί-
901 2918 959 2979 196

106 3000 193 3068 τατοέ
209 3005 264 3076 ὅδε,
279 3005 350 3067 κατοὶ
363 3006 477 3089 γνύμην
491 3009 544 3083 τήν
559 3006 704 3084 ἡμετέρην,
716 3009 755 3083 τῷ
765 3005 811 3064 καὶ
819 3002 911 3065 Ἱλλυ-

107 3096 177 3171 ριῶν
185 3092 313 3157 Ἐνετούς
324 3094 498 3171 πυνθάνομαι
507 3095 642 3174 χρῆσθαι·
659 3092 730 3153 κατοὶ
743 3092 835 3170 κῶμος
851 3091 912 3153 ἐκοί-
955 3106 958 3114 “

107 3206 181 3243 στας
194 3180 270 3251 ἅπαξ
281 3186 331 3241 τοῦ
346 3183 419 3246 ἔτεος
432 3182 552 3251 ἑκάστου
566 3181 688 3241 ἐποιέετο
701 3179 776 3240 τάδε·
791 3179 826 3243 ῶς
838 3177 873 3240 ἂν
882 3182 911 3239 αἶ

106 3270 245 3347 παρθένοι
258 3270 384 3352 γινοίατο
395 3269 493 3352 γάμων
508 3268 615 3349 ῶραῖαι,
636 3264 738 3332 ταύτας
757 3267 827 3332 ὅκως
845 3294 911 3330 συν·

184 3355 200 3400 9
