2150 3500
168 97 217 146 168
466 97 651 150 ἨΡΟΔΟΤΟΤ
920 93 977 162 [Π-

167 176 262 240 ἀδειόν
273 202 305 240 τε
319 177 431 240 διδόντα
448 179 494 240 καὶ
511 179 625 262 μεγάλα
639 177 844 256 ύποδεκόμενον
859 177 979 239 ἐλθόντι
1044 164 1045 248 φ

168 270 196 328 ἐς
208 265 274 345 ὄψιν
285 267 337 342 τῆν
351 270 461 327 ἑωυτοῦ·
473 267 524 328 τάν
533 268 564 328 δέ
574 271 656 345 φῦρα
669 266 866 326 πιστεύσαντα
880 266 979 327 ἐλθεῖν

165 352 238 430 πρθς
254 352 348 414 αὐτόν·
366 353 549 433 Ῥαμψίνιτον
565 355 595 414 δὲ
609 353 740 436 μεγύλως
753 353 913 430 θωυμάσαι,
929 354 981 413 καί
1045 385 1046 444 γ

168 444 196 500 οἱ
207 441 260 518 τὴν
273 440 411 523 θυγατέρα
423 442 527 519 ταύτην
540 443 700 503 συνοικίσαι
718 441 754 506 αἷς
769 445 899 502 πλεῖστα
916 446 977 500 ἐπι·

168 529 299 610 σταμένιρ
311 527 477 607 ἀνθρώπωνῖ
489 531 659 611 Αἰγυπτίους
671 531 723 607 μέν
735 526 792 610 γάρ
804 532 863 589 τῶν
876 527 978 589 ἄλλων

169 618 378 695 προκεκρίσθαι,
392 621 496 679 ἐκεῖνον
508 618 539 677 δὲ
551 618 720 699 Αἰγυπτίων.
1046 685 1047 692 ¹

124 706 181 764 122
210 705 292 766 Μετά
307 706 441 766 δὲταῦτα
457 707 556 787 ἔλεγον
572 709 671 766 τοῦτον
686 704 737 766 τάν
748 705 886 781 βασιλῆα
903 703 976 776 ζωάν
1046 699 1047 706 ¹

170 795 327 870 καταβῆναι
343 792 416 853 κάτω
429 797 457 857 ἐς
471 794 522 854 τάν
535 797 562 854 οἶ
575 793 716 870 Ἕλληνες
731 792 811 869 ἀίδην
824 793 975 870 νομίζουσι

172 880 248 954 εἶναι,
264 880 310 939 καὶ
323 881 394 941 κεῖθι
407 881 592 962 συγκυβεύειν
604 883 640 959 τῇ
654 880 794 958 Δήμητρι·
811 881 858 939 καὶ
870 879 909 939 τά
920 880 975 957 μὲν

171 973 249 1029 νικᾶν
269 967 363 1044 αὐτήν,
384 968 421 1029 τά
442 969 473 1028 δὲ
494 969 653 1029 ἑσσοῦσθαι
673 966 720 1028 ὐπ’
740 967 836 1044 αὐτῆς·
856 967 909 1026 καί
923 991 975 1045 μιν

170 1056 258 1115 πόλιν
272 1054 328 1116 ἀνω
343 1055 495 1117 ἀπικέσθαι
511 1057 600 1134 δῦρον
616 1058 717 1136 ἔχοντα
734 1055 800 1133 παρ’
813 1053 901 1132 αύτῆς
915 1079 973 1136 χει-

170 1142 328 1222 ρόμακτρον
340 1143 472 1223 χρύσεον.
506 1143 563 1206 ἀπῦ
580 1143 610 1204 δέ
625 1147 676 1219 τῆς
688 1142 873 1221 Ῥαμψινίτου
890 1167 973 1202 κατα-

170 1231 284 1308 βάσιος,
302 1232 338 1296 οἷς
353 1231 441 1292 πάλιν
460 1229 584 1303 ἀπίκετά,
601 1231 686 1309 ὁρτὴν
702 1231 735 1308 δὴ
757 1229 872 1313 ἀνάγειν
888 1234 972 1312 Αἰγυ-

170 1320 268 1384 πτίους
287 1322 408 1398 ἔφασαν·
434 1319 486 1396 τάν
511 1320 558 1380 καὶ
578 1318 632 1400 ἐγεῦ
653 1318 716 1379 οἶδα
738 1319 779 1378 ἔτι
802 1319 849 1378 καὶ
871 1324 901 1383 ἐς
924 1321 987 1400 ἐμὲ,

173 1408 365 1473 ἐπιτελέοντας
378 1407 484 1479 αύτούς,
499 1407 531 1468 οῦ
550 1406 646 1485 μέντοι
661 1408 716 1468 εἴτε
732 1405 765 1466 δι’
779 1405 855 1466 ἀλλο
869 1432 900 1467 τι
918 1406 972 1466 εἴτε

173 1495 218 1554 διά
227 1501 316 1556 ταῦτα
328 1495 477 1573 ὁρτάζουσι
490 1497 544 1575 ἔχω
557 1495 659 1577 λέγειν·
672 1497 766 1572 Ιφᾶρος
776 1494 805 1554 δέ
815 1493 972 1571 αύτιγμερῦν

173 1582 357 1661 ἐξυφήναντες
378 1587 407 1643 οἶ
430 1582 508 1660 ἱρέες,
530 1581 589 1643 κατ’
611 1581 649 1642 ὧν
672 1582 776 1658 ἔδησαν
799 1581 859 1645 ἔνὸς
882 1581 972 1642 αύτῦν
1050 1609 1051 1634 1

171 1672 256 1751 μίτρῃ
268 1671 333 1734 τοῦς
343 1669 523 1749 ’ὀφθαλμούς
545 1669 696 1753 ἀγαγόντες
712 1669 742 1729 δέ
757 1696 807 1748 μιν
821 1670 922 1751 ἔχοντα
935 1670 970 1731 τῦ

173 1763 264 1837 φᾶρος
284 1764 311 1823 ἐς
333 1759 398 1820 ἀδδν
418 1759 563 1837 φέρουσαν
583 1764 611 1824 ἐς
633 1760 693 1838 ἶράν
713 1760 872 1838 Δήμητρος,
892 1758 970 1821 αύτοὶ

172 1845 410 1908 ἀπαλλάσσονται
427 1847 528 1908 ὀπίσω·
549 1847 599 1909 τάν
616 1848 646 1908 δὲ
665 1846 725 1925 ἱρέα
741 1851 841 1909 τοῦτον
859 1847 971 1908 καταδε-
1051 1836 1052 1851 ¹

174 1933 288 2011 δεμένον
310 1935 375 1999 τοῦς
399 1934 566 2013 ὀφθαλμούς
588 1935 706 2017 λέγουσι
728 1934 783 1994 ύπδ
808 1934 858 1996 δύο
881 1935 971 1995 λύκων

174 2022 295 2105 ἀγεσθαι
313 2029 341 2088 ἐς
357 2024 391 2086 τά
411 2025 470 2102 ἶράν
487 2028 539 2100 τῆς
558 2022 716 2101 Δήμητρος,
732 2022 839 2103 ἀπέχον
854 2027 905 2100 τῆς
921 2023 969 2083 πό-

173 2115 236 2177 λιος
252 2114 358 2173 ἐείκοσι
371 2114 510 2183 σταδίους,
527 2112 574 2171 καὶ
590 2110 666 2175 αῦτις
681 2110 773 2173 ὀπίσω
789 2116 820 2171 ἐκ
839 2116 891 2172 τοῦ
911 2114 970 2185 ἱροῦ

128 2203 185 2261 123
195 2200 312 2282 ἀπάγειν
330 2226 380 2278 μιν
394 2200 459 2264 τοῦς
475 2200 578 2262 λύκους
593 2204 621 2263 ἐς
635 2198 723 2259 τιύυτδ
738 2200 850 2279 χωρίον.
888 2202 971 2259 Τοῖσι

173 2289 226 2366 μέν
238 2315 287 2349 νυν
299 2289 345 2365 ἀπ’
359 2288 517 2369 Αἰγυπτίων
529 2286 709 2368 λεγομένοισι
721 2286 838 2367 χράσθω
854 2285 923 2366 ὅτεῳ
934 2287 970 2348 τά

173 2380 289 2436 τοιαῦτα
300 2376 404 2437 πιθανά
417 2380 489 2435 ε’στι·
509 2377 572 2452 ἐμοὶ
585 2375 615 2435 δὲ
627 2374 705 2452 παρά
716 2373 808 2435 πάντα
820 2373 871 2435 τῦν
883 2374 970 2456 λόγου

174 2462 325 2533 ἀπόκειται,
339 2461 383 2523 ὅτι
394 2463 430 2522 τά
445 2461 586 2543 λεγόμενα
600 2461 670 2541 ῦπέρ
684 2462 808 2522 έκάστων
820 2461 893 2541 ἀκοῇ
903 2461 968 2544 γρά-

176 2556 231 2627 φω.
264 2549 459 2631 ἀρχογετεύειν
476 2550 507 2609 δὲ
524 2553 579 2611 τῦν
597 2550 670 2637 κάτω
688 2550 836 2631 Αἰγύπτιοι
853 2550 969 2633 λέγουσι

176 2638 313 2716 Δήμητρα
333 2639 379 2698 καὶ
399 2637 547 2699 Διόνυσον.
583 2642 689 2715 πρῶτοι
708 2637 739 2697 δέ
758 2637 805 2697 καὶ
824 2637 904 2699 τόνδε
921 2638 969 2699 τάν

108 2802 110 2807 Ι
174 2726 264 2810 λόγον
272 2727 422 2810 Αἰγύπτιοί
432 2731 488 2787 εἶσι
501 2730 529 2787 οἱ
542 2727 673 2791 εἰπόντες·
690 2725 725 2791 ὥς
735 2725 884 2804 ἀνθρώπου
894 2726 967 2806 ψυχῆ

175 2815 312 2881 ἀθάνατός
334 2822 404 2888 ἐστι,
425 2820 476 2877 τοῦ
499 2815 629 2893 σώματος
651 2816 682 2875 δέ
705 2814 924 2890 καταφθίνοντος
942 2819 968 2879 ἐς

175 2903 250 2991 ἀλλο
268 2906 338 2976 ζῦον
355 2905 409 2966 αἰεὶ
425 2903 572 2987 γινόμενον
590 2902 727 2963 ἐσδύεται*
747 2902 831 2962 ἐπεάν
849 2901 879 2961 δέ
896 2926 965 2979 περι·

176 2989 246 3069 ε’λθῃ
266 2992 357 3051 πάντα
377 2991 413 3051 τά
434 2994 556 3071 χερσαῖα
577 2989 623 3048 καὶ
642 2988 679 3049 τά
702 2988 850 3049 θαλάσσια
869 2989 917 3048 καὶ
934 2987 966 3059 τά

175 3077 295 3148 πετεινά,
306 3077 382 3142 αῦτις
395 3084 422 3141 ἐς
431 3076 579 3154 ἀνθρώπου
588 3078 673 3152 σῦμα
681 3074 827 3157 γινόμενον
837 3075 965 3137 ἐσδύνειν·

174 3163 226 3238 τῆν
248 3165 415 3243 περιήλυσιν
437 3163 468 3223 δὲ
490 3160 562 3239 αῦτῇ
583 3162 712 3241 γίνεσθαι
735 3166 765 3222 ἐν
783 3163 966 3241 τρισχιλίοισι

175 3247 260 3308 ἐτεσι.
293 3250 380 3329 τούτῳ
391 3254 430 3328 τῷ
442 3248 519 3329 λόγῳ
531 3248 588 3311 εἰσὶ
603 3247 631 3310 οἳ
644 3246 789 3327 Ἑλλήνων
802 3248 964 3329 ἐχρήσαντο,
