2150 3500
117 128 260 193 ιιι-ιιι]
407 125 633 176 ΜκΛΠοΜΕυΗ.
873 133 919 180 339

116 207 239 270 ἐνδύντες
269 207 322 282 τήν
351 205 514 288 γυναικηίην
554 205 670 281 ἐσθῆτα,
707 206 756 266 ἅτε
793 213 921 288 γυναῖκες

116 294 232 370 ἐξήῖσαν
251 295 311 364 ἐξω,
332 293 499 375 ἐκφυγόντες
519 293 550 350 δὲ
569 292 663 372 τρόπῳ
676 293 801 374 ιτοιούτιρ
827 296 917 367 ἵζοντο

116 382 194 445 αὖτις
207 387 235 446 ἐς
247 382 279 442 τδ
293 383 443 462 Τηΰγετον.
490 459 493 464 .

156 471 212 531 Τδν
226 472 256 530 δὲ
268 470 352 530 αύτδν
364 476 464 532 τοῦτον
475 472 578 551 χρόνον
586 473 680 549 Θήρας
693 473 709 532 ὁ
722 471 966 542 Αύτεσίωνος,’147

115 562 168 618 τοῦ
189 563 359 634 Τισαμενοῦ,
378 563 428 618 τοῦ
449 559 637 636 Θερσάνδρου,
654 565 705 625 τοῦ
725 561 919 630 Πολυνείκεος,

116 646 236 706 ἔστελλε
262 651 290 709 ἐς
316 645 447 722 ἀποικίην
474 652 503 705 ἐκ
530 648 746 723 Λακεδαίμονος.
786 647 822 723 ἦν
848 645 920 706 δέὁ

116 734 210 810 Θήρας
228 731 317 803 οὗτος,
330 735 410 812 γένος
430 734 481 794 ἐων
494 735 644 812 Καδμεῖος,
657 739 708 810 τῆς
720 733 828 812 μητρδς,
839 734 919 793 οἷδελ-

116 821 185 895 φεδς
198 826 275 880 τοῖσι
287 819 495 897 Ἀριστοδήμου
507 821 600 892 παισὶ,
609 818 780 897 Εὐρυσθένεϊ
790 823 836 880 καὶ
844 828 918 898 Προ-
983 835 985 839 “

116 909 190 966 κλέΐ·
211 908 311 968 ἐόντων
326 908 349 967 δ’
364 910 404 967 ἐτι
419 913 475 968 τῶν
490 909 595 968 παίδων
613 907 717 968 τούτων
735 909 847 984 νηπίων,
862 914 918 967 ἐπι-

115 997 253 1071 τροπαίην
273 994 364 1073 εἶχεό
384 994 479 1072 Θήρας
495 995 547 1072 τήν
565 1000 593 1055 ἐν
614 994 732 1073 Σπάρτῃ
752 997 919 1072 βασιληίην·

116 1082 288 1158 αὐξηθέντων
307 1083 338 1142 δὲ
358 1087 413 1142 τῶν
433 1082 607 1159 ἀδελφιδέων
627 1083 673 1140 καὶ
695 1081 918 1160 παραλαβόντων

115 1170 168 1245 τήν
185 1169 285 1248 οἶρχήν,
300 1169 371 1245 οὕτω
386 1169 457 1245 δή-ιῖΙ
469 1170 568 1246 Θήραςλ
582 1169 672 1230 δεινὰν
690 1169 853 1247 ποιεύμενος
871 1169 917 1247 άρ-

114 1258 220 1336 χεσθαι
234 1257 281 1317 ὕπ’
295 1256 392 1318 ἄλλων
406 1259 469 1317 ἐπεί
483 1283 514 1318 τε
528 1257 664 1338 ἐγεύσατο
681 1256 779 1334 ἀρχῆς,
794 1256 843 1316 ούκ
863 1258 917 1333 ἐφη

115 1349 209 1421 μενεῖν
230 1351 259 1405 ἐν
278 1349 314 1424 τῇ
335 1345 530 1421 Λακεδαίμονι,
552 1343 618 1402 ἀλλ’
640 1343 875 1404 ἀποπλεύσεσθαι
892 1349 919 1406 ἐς
942 1371 944 1375 ·

114 1431 182 1494 τούς
195 1433 357 1514 συγγενέας.
390 1430 466 1508 ἦσαν
479 1433 509 1492 δέ
522 1437 552 1492 ἐν
565 1435 601 1511 τῇ
615 1435 663 1492 νῦν
671 1431 750 1510 Θήρῃ
764 1431 918 1509 καλεομένῃ

115 1519 194 1599 νήσῳ
211 1519 348 1596 πρότερον
364 1520 394 1578 δέ
412 1521 566 1602 Καλλίστη
587 1523 623 1597 τῇ
643 1518 715 1596 αὐτῇ
734 1518 829 1596 ταύτῃ,
851 1517 918 1578 αἰπό-

114 1632 196 1685 γονοι
216 1607 410 1684 Μεμβλιάρεω
429 1612 479 1668 τοῦ
500 1608 642 1666 Ποικίλεω
663 1606 762 1683 ἀνδρὸς
782 1607 917 1668 Φοίνικος.

116 1691 236 1767 Κάδμος
251 1696 306 1775 γάρ
326 1696 342 1755 ὁ
358 1694 511 1777 Ἀγήνορος
523 1693 661 1773 Εὐρώπην
675 1692 817 1770 διζήμενος
829 1718 918 1769 προσ-

117 1782 186 1860 έσχε
206 1786 233 1845 ἐς
250 1782 302 1857 τὴν
317 1787 366 1842 νῦν
386 1783 481 1860 Θήρην
504 1785 685 1860 καλεομένην·
712 1780 868 1859 προσχάντι
888 1780 918 1839 δέ

116 1868 172 1928 εἴτε
190 1869 224 1945 δή
241 1873 268 1929 οἱ
287 1869 404 1948 ήχιίρη
424 1871 509 1948 ἤρεσε
532 1871 586 1931 εἴτε
609 1872 655 1929 καὶ
678 1869 772 1933 ἄλλως
791 1868 920 1945 ἠθέλησε

115 1961 235 2032 ποιῆσαι
254 1961 348 2017 τοῦτο·
372 1958 533 2016 καταλείπει
550 1957 606 2037 γάρ
628 1962 657 2016 ἐν
676 1961 712 2034 τῇ
733 1954 809 2033 νήσιρ
830 1955 917 2035 ταύτῃ

115 2042 222 2108 ἄλλους
234 2067 266 2103 τε
278 2048 334 2103 τῶν
347 2047 481 2103 Φοινίκων
494 2044 540 2101 καὶ
557 2043 590 2117 δή
610 2043 722 2102 καὶτῶν
735 2046 835 2101 ἑωυτοῦ
849 2068 917 2123 συγ-

114 2132 217 2212 γενέων
230 2131 429 2207 Μεμβλίαρον·
450 2128 527 2189 οὗτοι
541 2130 671 2205 ἐνέμοντο
683 2126 736 2203 τήν
748 2129 918 2203 Καλλίστην

116 2220 289 2295 καλεομένην
316 2217 361 2275 ἐπὶ
383 2216 488 2295 γενεάς,
513 2215 579 2291 πρὶν
602 2213 620 2291 ἢ
646 2214 741 2290 Θήραν
768 2214 860 2273 ἐλθεῖν
888 2219 917 2273 ἐκ

114 2305 332 2381 Λακεδαίμονος,
345 2302 417 2363 ὄκτῶ
429 2302 545 2379 ἀνδρῶν.
578 2301 644 2361 Ἐπὶ
656 2299 769 2364 τούτους
782 2299 816 2376 δή
832 2299 868 2360 ὧν
882 2299 965 2361 6148

115 2393 218 2470 Θήρας,
234 2390 306 2451 λαδν
324 2391 394 2470 ἔχων
408 2389 464 2449 οἷπδ
483 2394 538 2449 τῶν
555 2392 674 2466 φυλέων,
688 2389 807 2448 ἔστελλε
825 2412 916 2447 συνοι-

115 2481 211 2557 κήσων
229 2477 362 2549 τούτοισι,
379 2478 426 2537 καὶ
447 2477 574 2554 οὐδαμῶς
594 2476 697 2545 ἐξελῶν
718 2474 816 2539 αὐτούς
838 2472 917 2535 άλλοὶ

116 2568 204 2645 κάρτα
228 2565 425 2644 οίκηῖεύμενος.
459 2566 521 2625 ἐπεί
540 2590 571 2624 τε
591 2564 621 2623 δὲ
641 2565 687 2623 καὶ
708 2567 734 2623 οἱ
751 2562 857 2623 Μινύαι
876 2568 917 2622 ἐκ·

115 2656 229 2734 δράντες
241 2660 272 2715 ἐκ
284 2659 334 2731 τῆς
348 2658 444 2731 ἑρκτῆς
458 2654 549 2725 ἵζοντο
563 2658 590 2715 ἐς
599 2651 632 2712 τδ
643 2652 790 2733 Τηΰγετον,
798 2656 916 2712 τῶνΛα-

116 2743 294 2821 κεδαιμονίων
308 2742 521 2820 βουλευομένων
533 2742 626 2817 σφέας
639 2738 805 2809 α’πολλύναι,
819 2764 917 2815 παραι-

115 2830 207 2889 τέεται
226 2829 242 2889 ὁ
261 2830 355 2907 Θήρας
373 2829 442 2893 ὅκως
459 2828 531 2906 μήτε
548 2826 635 2911 φόνος
647 2825 770 2905 γένηται,
785 2825 868 2888 αὐτός
887 2851 918 2886 τε

113 2916 263 2977 ύπεδέκετό
282 2923 375 2992 σφεας
395 2916 501 2986 ἐξάξειν
522 2921 553 2975 ἐκ
573 2918 623 2990 τῆς
643 2911 746 2992 χώρης·
773 2938 917 2994 συγχωρη-

116 3004 226 3064 σάντων
239 3004 269 3062 δέ
281 3008 317 3081 τῇ
329 3003 426 3085 γνώμη
438 3009 494 3064 τῶν
506 3001 740 3077 Λακεδαιμονίων,
754 3001 831 3078 τρισὶ
843 3026 918 3078 τριη-

116 3091 274 3166 κοντέροισι
293 3094 320 3153 ἐς
336 3090 401 3153 τούς
416 3088 612 3168 Μεμβλιάρεω
627 3088 782 3171 ἀπογόνους
796 3089 915 3158 ἔπλωσε,

116 3178 179 3239 ούτι
195 3177 301 3242 πάντας
319 3176 394 3258 άγων
409 3177 475 3242 τούς
494 3178 611 3249 Μινύας,
625 3176 691 3237 ἀλλ’
706 3176 819 3258 ὀλίγους
831 3176 918 3240 τινάς·

116 3270 144 3336 οἱ
156 3265 212 3348 γάρ
225 3268 342 3328 πλεῦνες
355 3264 446 3325 αύτῶν
454 3264 607 3342 ἐτράποντο
621 3270 648 3328 ἐς
656 3263 723 3328 τούς
732 3264 919 3342 Παρωρεάτας
