2150 3500
171 127 219 178 ιιι
477 123 661 182 Ἦνοιιοτοτ
923 129 980 194 [IL
1052 123 1053 204 γ

169 205 293 285 ῥεύματα
305 209 486 288 παρέχονται·
506 210 562 270 εἶσὶ
575 210 605 270 δὲ
613 209 719 270 πολλοὶ
730 211 782 287 μὶν
795 213 825 271 έν
837 213 875 290 τῇ
886 211 980 290 Συρίῃ
1052 209 1053 244 ³

169 295 299 372 ποταμοὶ,
318 296 424 356 πολλοὶ
444 297 474 357 δὲ
494 301 524 358 ἐν
544 301 580 375 τῇ
593 295 698 377 Λιβύη,
715 297 742 357 οἳ
761 297 841 358 οῦδὲν
859 303 980 359 τοιοῦτο

122 383 159 442 21
169 382 317 462 πάσχουσι
330 383 389 444 οἶόν
401 409 429 443 τι
445 385 492 443 καὶ
504 383 521 445 0‘
537 388 653 448 Νεῖλος.
695 383 733 444 Ἡ
747 383 770 444 δ’
787 386 867 462 ἑτέρη
880 385 979 446 α’νεπι-

170 472 381 549 στημονεστέρη
406 472 459 548 μέν
478 478 542 533 ε’στι
567 477 618 548 τῆς
641 473 820 553 λελεγμένης,
844 472 925 554 λόγῳ
948 475 980 534 δὲ

170 562 256 619 εἰπεῖν
279 560 504 637 θωυμασιωτέρη·
537 559 557 636 ἢ
580 561 659 642 λέγει
682 559 739 621 α’πό
764 565 815 622 τοῦ
837 560 980 623 Ὠκεανοῦ

169 646 269 722 ῥέοντα
290 647 375 708 αῦτδν
397 651 486 708 ταῦτα
505 649 697 727 μηχανᾶσθαι,
721 646 771 709 τδν
794 647 818 708 δ’
838 646 979 710 Ὠκεανόν

122 736 162 794 22
170 739 226 815 γῆν
250 736 315 813 πέρι
339 739 437 796 πᾶσαν
462 737 549 812 ῥέειν.’
583 735 621 795 Ἡ
648 735 679 796 δὲ
704 736 792 814 τρίτη,
810 740 866 797 τῦν
894 735 978 810 ὁδῶν,

169 821 280 883 πολλάν
313 823 507 899 ἐπιεικεστάτη
542 827 638 893 ἐοῦσα,
663 823 793 901 μάλιστα
827 825 977 902 ἔψευσται·

168 911 247 990 λέγει
265 909 322 990 γάρ
342 911 377 987 δή
398 910 455 970 οὐδ’
472 910 543 988 αύτνρ
566 909 644 972 οῦδὲν
666 911 778 988 φαμένη
793 912 844 972 τὸν
864 916 977 974 Νεῖλον

169 998 241 1073 ῥέειν
257 997 313 1058 <ind
331 998 484 1076 τηκομένης
498 999 602 1078 χιόνος·
623 998 654 1063 ὃς
669 1000 726 1076 ῥέει
741 1000 793 1076 μὲν
812 1003 843 1058 ε’κ
860 999 977 1077 Λιβύης

168 1084 215 1144 διὰ
233 1086 328 1162 μέσων
348 1086 490 1148 Αἰθιόπων
510 1087 613 1147 ἐκδιδοῖ
632 1087 662 1147 δὲ
683 1092 710 1150 ἐς
723 1087 877 1168 Αἴγυπτον.
921 1093 977 1152 κιῦς
1053 1101 1054 1120 ’

168 1171 206 1233 ὧν
224 1174 294 1249 δῆτα
308 1174 368 1250 ῥέοι
387 1172 422 1234 ἂν
441 1173 498 1236 α’πδ
517 1173 620 1255 χιόνος,
640 1173 696 1235 άπό
717 1178 772 1235 τῶν
793 1175 977 1253 θερμοτάτων

173 1259 287 1345 [τόπων]
304 1262 375 1339 ῥέων
388 1268 416 1326 ές
430 1261 467 1322 τοὶ
479 1261 657 1342 ψυχρότερα;
678 1265 733 1323 τῦν
748 1262 784 1323 τοὶ
796 1263 897 1323 πολλά
910 1268 976 1325 ἐστι

167 1348 249 1426 ἀνδρί
262 1376 297 1432 γε
313 1351 479 1431 λογίζεσθαι
493 1350 626 1412 τοιούτων
640 1350 706 1428 πέρι
724 1350 773 1432 οἴῳ
789 1375 821 1411 τε
839 1351 923 1425 ε’άντι,
937 1353 976 1417 οἷς

168 1436 231 1497 οῦδὲ
251 1438 323 1502 εἰκθς
343 1437 400 1499 άπδ
419 1438 515 1518 χιόνος
533 1465 583 1516 μιν
602 1438 684 1516 ῥέειν·
720 1442 831 1517 πρῶτον
850 1441 905 1517 μὲν
924 1443 974 1501 καὶ

168 1525 304 1605 μέγιστον
318 1525 470 1603 μαρτύριον
488 1529 516 1587 οἶ
536 1525 634 1605 ἄνεμοι
651 1527 822 1606 παρέχονται
841 1529 974 1594 πνέοντες

168 1611 225 1672 άπὸ
241 1616 297 1682 τῶν
313 1614 424 1693 χωρέων
442 1615 561 1675 τουτέων
581 1616 689 1693 θερμοί·
719 1614 848 1692 δεύτερον
869 1615 908 1687 δὲ,
927 1617 973 1678 ὅτι

168 1697 311 1778 ἄνομβρος
322 1700 342 1778 ἦ
354 1699 432 1780 χάρη
445 1701 492 1761 καὶ
508 1701 706 1781 ἀκρύσταλλος
724 1703 857 1766 διατελέει
873 1708 972 1766 ἐοῦσα·

169 1790 215 1849 ε’πὶ
237 1789 267 1849 δὲ
287 1789 361 1869 χιόνι
380 1789 511 1870 πεσούσῃ
531 1795 615 1853 πᾶσα
637 1790 744 1872 ἀνάγκη
767 1792 829 1852 ε’στὶ
853 1793 919 1852 ὗσαι
942 1800 973 1855 ἒν

168 1877 250 1937 πέντε
269 1876 402 1957 ἡμέρῃσι·
422 1877 496 1939 ὥστε
512 1883 536 1939 εἰ
555 1879 680 1959 ἐχιόνιζε,
697 1879 761 1940 ὕετο
776 1878 811 1941 ἂν
826 1884 917 1941 ταῦτα
934 1884 972 1942 τοὶ
1054 1912 1055 1955 3

95 2005 100 2013 ·
167 1967 265 2044 χωρία·
298 1967 380 2043 τρίτα
400 1967 438 2039 δὲ,
461 1970 488 2027 οἱ
511 1965 653 2046 ἅνθρωποι
678 1966 733 2028 ῦπδ
756 1972 808 2029 τοῦ
829 1968 973 2046 καύματος
1054 1970 1055 1997 ³

167 2054 287 2131 μέλανες
305 2055 401 2120 ἐόντες.
445 2059 543 2116 ἰκτῖνοι
564 2056 595 2115 δὲ
612 2056 658 2116 καὶ
677 2056 821 2136 χελιδόνες
841 2056 876 2116 δι’
897 2059 972 2124 ἔτεος

169 2142 259 2208 ἐόντες
279 2142 330 2204 οῦκ
349 2143 546 2215 ἀπολείπουσι,
559 2145 673 2226 γέρανοι
692 2144 723 2204 δὲ
744 2144 902 2225 φεύγουσαι
920 2146 972 2208 τὸν

167 2236 291 2309 χειμῶνα-
302 2232 352 2292 τδν
365 2237 394 2293 έν
407 2237 443 2311 τῇ
452 2234 575 2312 Σκυθικῇ
587 2231 666 2312 χάρη
678 2231 824 2314 γινόμενον
835 2234 972 2309 φοιτέωσι

167 2323 196 2383 ἐς
207 2322 359 2399 χειμασίην
373 2325 401 2383 ἐς
411 2320 477 2384 τοῦς
489 2320 592 2384 τόπους
607 2321 730 2384 τούτους·
752 2324 776 2380 εἰ
791 2322 884 2382 τοίνυν
898 2323 970 2402 ε’χιά-

167 2407 224 2477 νιζε
237 2408 282 2466 καὶ
296 2406 404 2467 ὁσονιῦν
416 2407 520 2483 ταύτην
531 2407 584 2483 τὴν
596 2407 698 2488 χώρην,
713 2406 747 2467 δι’
760 2406 794 2484 ἦς
808 2435 840 2469 τε
852 2411 910 2486 ῥέει
924 2413 969 2475 καὶ

168 2497 199 2552 ἐκ
213 2497 264 2569 τῆς
284 2492 401 2572 ἄρχεται
421 2495 490 2571 ῥέων
503 2494 520 2555 ά
536 2499 649 2567 Νεῖλος,
663 2496 699 2573 ἦν
711 2493 746 2557 άν
763 2496 867 2558 τούτων
882 2498 969 2570 οὐδὲν,

71 2573 73 2575 ’
120 2580 204 2644 23ιύς
229 2580 249 2656 ἤ
271 2580 379 2661 ἀνάγκη
402 2582 522 2663 ἐλέγχει.
562 2583 596 2644 ‘0
619 2585 649 2645 δὲ
672 2586 737 2662 περὶ
761 2588 812 2642 τοῦ
835 2585 970 2648 Ὠκεανοῦ

166 2667 258 2740 λέξας,
273 2674 301 2734 ές
313 2668 419 2746 ἀφανὲς
430 2671 481 2731 τὸν
493 2674 583 2748 μῦθον
600 2673 738 2737 α’νενείκας
754 2669 804 2731 οῦκ
820 2674 878 2753 ἔχει
891 2676 969 2757 ἔλεγ’

166 2783 229 2837 χον·
263 2757 296 2819 οῦ
317 2756 373 2841 γάρ
396 2785 459 2820 τινα
482 2760 568 2842 ἔγωγε
595 2761 657 2821 οἶδα
683 2762 811 2838 ποταμῦν
836 2761 970 2825 Ὠκεανόν

108 2898 112 2903 ,
168 2845 258 2907 ε’όντα·
272 2847 403 2925 Ὅμηρον
421 2847 458 2921 δὲ,
475 2847 495 2921 ἢ
510 2873 574 2907 τινα
590 2853 645 2908 τῶν
660 2848 797 2927 πρότερον
813 2852 970 2931 γενομένων

165 2937 309 3013 ποιητέων,
334 2936 419 2995 δοκέω
441 2934 564 3011 τοῦνομα
587 2934 702 3011 εῦρόντα
727 2942 755 3001 ές
776 2935 830 3013 τήν
852 2940 970 3015 ποίησιν

167 3024 369 3084 ἐσενείκασθαι.

119 3110 158 3166 24
205 3115 242 3168 Εἰ
262 3110 291 3169 δὲ
313 3111 356 3170 δεῖ
374 3111 557 3191 μεμψάμενον
580 3110 692 3191 γνάμας
712 3113 763 3178 τάς
784 3116 969 3192 προκειμένας
1005 3156 1008 3161 -

167 3194 251 3255 αῦτρν
278 3198 344 3273 περὶ
375 3203 431 3258 τῶν
463 3198 593 3274 α’φανέων
625 3197 739 3279 γνάμην
766 3200 967 3275 ἀποδέξασθαι,

168 3281 270 3357 φράσω
288 3282 361 3344 διάτι
379 3308 429 3361 μοι
448 3283 537 3342 δοκέει
553 3284 734 3359 πληθύεσθαι
754 3287 771 3349 ὅ
795 3292 902 3353 Νεῖλος
916 3297 967 3351 τοῦ
