2150 3500
133 94 180 143 ωε
436 95 619 146 Ἢσοισνοα
873 86 937 153 [ιν.

133 175 235 236 νίσκοι·
258 172 405 252 διαβάντες
424 175 455 234 δὲ
473 174 525 236 τάν
544 175 655 247 Τάναϊν,
676 171 847 254 ῶδοιπόρεον
866 172 942 253 πρός

133 264 216 340 ἥλιον
224 264 378 344 ἀνίσχοντα
386 267 471 340 τριῶν
476 266 532 372 μὲν
541 263 667 341 ἡμερέων
676 263 733 324 ἀπό
743 268 794 324 τοῦ
803 263 941 330 Τανάϊδος

135 353 209 427 ὁδόν,
222 358 306 431 τριῶν
326 351 394 412 δὲ’
376 351 434 412 απθ
453 356 505 428 τῆς
520 354 670 429 λίμνης
634 379 684 427 της
698 353 857 428 Μαιήτιδος
870 355 941 467 πρὴς
1047 349 1049 352 ’

134 440 258 550 βσρὴν”
239 467 351 519 ανεμον·
363 440 528 519 ἀπικόμενα
541 442 597 501 δὲ’
583 468 612 505 ες
623 445 724 503 τοῦτον
731 440 783 502 τόν
794 446 898 520 χῶρον,
912 448 941 502 έν

133 535 173 610 τῶ
184 534 233 591 νῦν
245 531 430 605 κατοίκηνται,
437 531 563 637 οἴκησαν
575 532 685 590 τοῦτον.
716 555 764 588 και
753 529 904 609 διαίτη’
884 530 941 590 απά

133 620 235 678 τούτου
259 618 395 696 χρέωνται
413 621 451 697 τῇ
473 621 583 696 παλαιῇ
604 621 660 678 τῶν
683 619 941 695 Σαυροματέων
912 646 942 679 αι

132 710 268 788 γυναῖκες,
282 706 328 764 καὶ
348 710 395 765 έπι
384 705 537 783 θήρην’
524 707 571 766 επὶ
588 705 679 766 ἵππων
693 705 902 781 ἐκφοιτῶσαι
883 733 943 785 αμα

130 797 208 853 τοῖσι
220 793 339 871 ἀνδράσι
353 794 399 853 καὶ
411 794 497 871 χωρὶς
508 797 564 854 τῶν
576 792 692 872 ἀνδρῶν,
707 795 754 854 καὶ
770 799 798 858 ές
813 794 943 872 πόλεμον

136 885 285 958 φοιτῶσαι,
295 881 341 940 καὶ
353 882 462 958 στολὴν
474 881 526 957 τὴν
540 880 627 957 αὖτὴν
637 885 715 942 τοῖσι
726 881 847 959 ἀνδράσι
856 885 944 960 φορέ-

89 971 146 1030 117
156 996 249 1030 συσαι.
276 973 359 1049 Φωνῇ
372 969 402 1029 δὲ
414 973 441 1028 οἱ
455 969 635 1048 Σαυρομάται
648 970 794 1046 νομίζουσι
807 972 942 1050 Σκυθικῇ,

136 1057 344 1129 σολοικίζοντες
363 1055 434 1136 αότῇ
447 1057 504 1118 ἀπό
524 1062 575 1117 τοῦ
589 1057 716 1137 ἀρχαίου,
731 1058 791 1117 ε’πεὶ
805 1057 839 1118 οὗ
851 1085 943 1138 χρησ-

135 1151 190 1210 τῶς
202 1146 339 1224 ἐξέμαθον
351 1145 438 1222 αὖτὴν
447 1148 483 1204 ἀἶ
501 1145 681 1222 Ἀμαζόνες.“
703 1145 739 1206 τά
759 1146 831 1224 περὶ
843 1147 944 1227 γάμων
1048 1191 1049 1204 ,

136 1234 167 1294 δὲ
180 1233 233 1294 ὧδέ
245 1241 303 1311 σφι
315 1233 460 1294 διακέεται·
474 1231 508 1293 οὔ
519 1234 654 1314 γαμέεται
666 1234 804 1311 παρθένος
816 1234 943 1311 οὖδεμία,

138 1322 205 1400 πρὶν
220 1321 256 1383 ἂν
269 1326 325 1382 τῶν
339 1322 482 1398 πολεμίων
498 1320 586 1399 ἄνδρα
603 1319 762 1400 ἀποκτείνῃ·
783 1325 813 1380 αἶ
826 1322 857 1382 δέ
869 1349 945 1386 τινες

136 1410 242 1471 αὐτέων
261 1410 308 1469 καὶ
327 1413 479 1471 τελευτῶσι
498 1409 614 1491 γηραιαὶ
636 1410 703 1487 πρὶν
724 1408 885 1492 γήμασθαι,
909 1410 944 1471 οὗ

136 1498 286 1574 δυνάμεναι
298 1498 349 1558 τῶν
361 1496 448 1575 νόμον
461 1500 611 1573 ἐκπλῆσαι

90 1587 149 1645 118
199 1585 265 1645 Ἐπὶ
280 1583 384 1645 τοίπων
400 1583 438 1646 ῶν
449 1586 505 1646 τῶν
525 1584 751 1666 καταλεχθέντων
764 1586 864 1647 ἐθνέων
876 1586 946 1650 ταῶς

135 1674 277 1750 βασιλέας
302 1671 473 1750 ἀλισμένους
495 1671 660 1751 ἀπικόμενοι
685 1677 740 1734 τῶν
763 1674 893 1754 Σκυθέων
916 1678 946 1734 οί

136 1761 263 1873 α’γγελοι,
278 1762 399 1870 ἶλμγρν
394 1760 603 1825 ἐκδιδάσκοντες
619 1761 655 1826 ῶς
672 1761 688 1823 ό
706 1763 832 1840 Πέρσης,
846 1764 946 1841 ἐπειδή

137 1852 165 1909 οἶ
179 1847 216 1909 τά
233 1853 263 1909 έν
277 1852 314 1928 τὴ
330 1846 435 1927 ἡπείρω
455 1853 492 1928 τῇ
512 1850 592 1960 ἑτέρῃ
612 1849 704 1911 πάντα
724 1850 945 1928 κατέστραπται,

136 1937 330 2019 γέφυρανζευ
321 1935 412 2007 ”ξας
399 1938 446 1997 επὶ
462 1941 503 2017 τῶ
519 1937 616 2016 αὐχένι
636 1942 687 1998 τοῦ
707 1937 868 2016 Βοσπόρου,
886 1940 946 1999 δια-

137 2027 282 2104 βέβηκε’
269 2053 297 2090 ες
315 2025 449 2103 τήνδε
414 2052 467 2103 την
483 2026 609 2103 ἤπειρον·
629 2026 732 2102 διαβάς
747 2026 785 2098 δε,
800 2028 847 2087 καὶ
860 2052 946 2087 κατα-

138 2116 332 2194 στρεφόμενος
357 2114 487 2192 Θρήϊκας,
513 2116 635 2195 γεφυροῖ
662 2113 791 2191 ποταμῶν
816 2112 945 2193 Ἵστρον,

138 2203 316 2280 βουλόμενος
333 2204 380 2262 καὶ
397 2203 463 2263 τάδε
478 2201 571 2262 πάντα
585 2201 632 2261 ἀπ’
650 2205 738 2282 ἑωυτῷ
754 2202 946 2278 ποιήσασθαι·
1047 2208 1048 2217 ’

139 2298 158 2325 “
168 2290 247 2366 ἡμεῖς
267 2290 305 2351 ῶν
323 2290 421 2367 μηδενὶ
441 2289 536 2369 τρόπῳ
557 2293 587 2347 ἐκ
611 2293 662 2349 τοῦ
681 2290 772 2367 μέσου
794 2290 948 2368 κατήμενοι

141 2378 282 2454 περιίδητε
299 2378 388 2454 ἡμέας
399 2377 614 2454 διαφθαρέντας·
633 2376 711 2437 ἀλλά
723 2377 811 2439 τάυτό
824 2378 946 2455 νοήσαν·

138 2488 192 2533 τες,
206 2463 375 2540 ἀντιάζωμεν
384 2464 435 2524 τόν
447 2464 571 2525 έπιόντα.
602 2464 690 2526 οὔκων
699 2466 834 2542 ποιήσετε
843 2471 946 2537 τοῦπος

138 2550 219 2628 ἡμεῖς
241 2552 293 2627 μὲν
314 2549 481 2625 ταξάμενοι,
504 2550 523 2629 ἢ
545 2554 711 2633 ἐκλείψομεν
734 2554 947 2635 τὴνχῶρηνὴ

139 2639 269 2715 μένοντες
286 2638 426 2720 ὁμολογίῃ
442 2640 618 2719 χρησόμεθα,
632 2643 675 2723 (τί
683 2642 740 2723 γάρ
757 2642 891 2721 πάθωμεν
903 2643 947 2722 μὴ

139 2727 322 2804 βουλομένων
344 2726 435 2804 ῶμέων
455 2729 599 2807 τιμωρέειν
607 2731 627 2809 3)
655 2731 721 2807 ἡμῖν
741 2731 771 2790 δὲ
795 2730 875 2791 οὐδὲν
899 2732 948 2792 ἐπὶ
1046 2736 1047 2749 ’

139 2815 228 2895 τούτῳ
244 2817 323 2876 ἔσται
339 2816 539 2895 ἐλαφρότερον·
559 2816 620 2893 ἡκει
634 2819 689 2899 γάρ
703 2818 720 2879 ό
733 2820 849 2896 Πέρσης
864 2819 948 2881 οῶδέν

139 2927 169 2961 τι
187 2907 303 2977 μᾶλλον
322 2903 366 2962 ἐπ’
381 2903 469 2979 ἡμέας
486 2903 505 2979 ἡ
524 2904 559 2963 οὔ
579 2907 625 2964 καὶ
645 2908 692 2966 έπὶ
711 2906 806 2983 ἡμέας·
834 2906 901 2967 οὐδέ
917 2912 947 2969 οἶ

140 2989 313 3065 καταχρήσει
338 2989 428 3065 ἡμέας
453 2995 708 3073 καταστρεψαμένω
731 2994 821 3070 ῶμέων
843 2993 945 3074 ἀτέχε·

139 3074 218 3130 σθαι
258 3076 333 3154 μέγα
350 3076 418 3134 δὲ
400 3080 467 3152 υμῖν
486 3077 580 3184 λόγων
595 3080 681 3139 τῶνδε
700 3080 854 3158 μαρτύριον
870 3084 945 3159 έρέο·

138 3179 200 3225 μεν·
220 3162 245 3214 εἷ
258 3160 313 3236 γάρ
327 3160 370 3218 ἐπ’
382 3160 470 3264 ἡμέας
488 3189 607 3238 μουνους
620 3167 857 3245 ἐστρατηλάτεε
839 3196 856 3229 ο
869 3171 946 3247 Πέρ-

138 3259 200 3308 σης,
212 3242 405 3301 τίσασθαι
368 3270 419 3318 της
437 3249 547 3322 πρόσθε
566 3250 741 3330 δουλοσυνης
757 3256 945 3331 βουλόμενος,
