2150 3500
123 108 233 174 23-26J
475 111 590 162 κιαιο,
894 113 924 165 11

123 189 208 250 αὖτάν
224 194 253 250 ἐν
268 193 304 267 τῇ
322 193 410 268 σκευῇ
427 188 506 269 πάσῃ
525 189 630 251 στάντα
649 183 678 250 ἐν
693 194 771 251 τοῖσι
787 177 928 252 έδωλίὸίσι

124 275 228 336 ἀεῖσαι·
249 274 346 338 ἀείσας
362 275 391 335 δὲ
407 275 554 336 ἀπεδέκετο
571 276 669 338 ἐωυτδν
687 277 930 359 κατεργάσασθαι·-

124 364 171 422 καὶ
180 367 257 423 τοῖσι
267 363 393 423 ἐσελθεῖν
402 363 456 443 γάρ
466 363 569 442 ήδονήν
580 369 603 424 εἰ
612 365 745 442 μέλλοιεν
754 363 928 426 ἀκούσεσθαι

123 454 174 509 τοῦ
194 449 310 527 ἀρίστου
331 449 480 527 ἀνθρώπων
501 451 604 521 ἀοιδοῦ,
626 451 806 531 ἀναχωρῆσαι
826 457 857 512 ἐκ
875 455 927 527 τῆς

123 535 250 614 πρύμνης
263 542 290 601 ἐς
305 537 397 614 μέσην
408 539 466 599 νέα·
486 539 536 600 τάν
549 540 578 598 δὲ
595 538 707 600 ἐνδύντα
722 566 755 599 τε
766 543 864 600 ποῖσαν
874 539 927 614 τήν

124 623 229 699 σκευήν
249 625 295 683 καὶ
314 623 444 700 λαβόντα
462 625 514 701 τήν
534 624 658 704 κιθάρην,
675 625 782 688 στάντα
802 631 831 686 ἐν
849 629 927 686 τοῖσι

124 709 266 770 ἑδωλίοισι
283 710 433 780 διεξελθεῖν
450 711 536 789 νόμον
553 712 603 772 τάν
620 712 724 790 ὄρθιον·
744 716 928 775 τελευτῶντος
972 752 977 761 ·

124 796 156 856 δὲ
170 801 221 856 τοῦ
236 796 330 874 νόμου,
341 798 423 876 ῥίψαι
438 823 487 876 μιν
504 805 531 862 ἐς
546 799 599 874 τήν
611 799 763 860 θάλασσαν
779 799 879 860 έωυτάν
892 798 928 862 οἷς

125 883 185 963 εἶχε
201 883 305 964 σάντῇ
321 889 409 964 σκευῇ
422 885 511 965 πάσῃ·
533 888 580 945 καὶ
595 887 659 951 τούς
670 890 722 964 μὲν
735 887 887 947 ἀποπλέειν
899 890 927 950 ἐς

124 970 277 1049 Κόρινθον·’
294 970 343 1033 τάν
355 973 394 1043 δέ,
408 972 527 1049 δελφῖνα
540 974 658 1054 λέγουσι
673 972 858 1050 ἀπολαβόντα
870 973 926 1043 ἐξε-

123 1062 213 1118 νεῖκαι
231 1060 276 1118 ἐπὶ
293 1060 437 1136 Ταίναρον·
458 1060 608 1137 ἀποβάντα
624 1061 654 1120 δὲ
671 1061 754 1122 αὐτὰν
769 1061 882 1140 χωρέειν
898 1065 926 1123 ἐς

125 1143 266 1223 Κόρινθον
278 1145 331 1206 σάν
348 1151 385 1225 τῇ
402 1151 489 1226 σκευή
503 1147 550 1206 καὶ
567 1146 735 1225 ἀπικόμενον
752 1148 927 1228 ἀπηγέεσθαι

124 1236 183 1304 πᾶν
191 1232 225 1294 τά
236 1231 359 1314 γεγονός·
377 1234 549 1312 Περίανδρον
561 1234 591 1293 δὲ
602 1233 658 1294 ἀπὸ
670 1233 802 1310 ἀπιστίης
812 1234 927 1311 Ἀρίονα

123 1320 178 1396 μὲν
186 1325 215 1379 ἐν
224 1324 338 1400 φυλακῇ
348 1320 426 1398 ἔχειν·
432 1319 540 1399 οὐδαμῇ
549 1321 684 1397 μετιέντα,
695 1320 801 1384 ἀνακῶς
810 1321 840 1380 δὲ
853 1322 926 1399 ἐχειν

123 1409 182 1478 τῶν
190 1407 344 1484 πορθμέων·
362 1406 398 1470 οῖς
411 1407 441 1466 δὲ
454 1406 508 1484 ἀρα
520 1410 648 1484 παρεῖναι
658 1406 763 1477 αύτούς,
774 1407 927 1482 κληθέντας

125 1494 305 1570 ἱστορέεσθαι
317 1493 343 1553 εἶ
356 1519 384 1554 τι
397 1494 507 1575 λέγοιεν
522 1494 587 1571 περὶ
598 1490 732 1571 Ἀρίονος
754 1494 884 1571 φαμένων
896 1493 927 1553 δέ

94 1587 98 1589 ’
125 1581 235 1640 ἐκείνων
247 1578 283 1644 ἀς
295 1581 377 1656 εἴητε
389 1584 447 1644 σῶς
459 1581 523 1658 περὶ
534 1579 666 1657 Ἰταλίην,
677 1581 726 1639 καί
735 1607 784 1658 μιν
797 1579 826 1639 εὖ
835 1578 927 1658 πρήσ-

124 1692 215 1727 σοντα
223 1667 332 1728 λίποιεν
342 1672 371 1726 ἐν
380 1665 507 1744 Τάραντι,
517 1660 688 1744 ἐπιφανῆναί
694 1675 751 1743 σφι
758 1666 807 1728 τάν
813 1667 928 1744 Ἀρίονα

125 1753 221 1832 ὥσπερ
242 1756 311 1835 ἔχων
331 1754 493 1831 ἐξεπήδησε·
514 1756 561 1815 καὶ
579 1754 650 1825 τοάς,
668 1756 856 1835 ἐκπλαγέντας
876 1753 927 1814 οὐκ

125 1842 200 1920 ἔχειν
222 1842 261 1901 ἔτι
284 1842 484 1927 ἐλεγχομένους
505 1841 662 1919 ἀρνέεσθαι.
690 1846 778 1903 τοῦτο
802 1843 854 1918 μέν
878 1867 927 1902 νυν

125 1928 274 2004 Κορίνθιοί
281 1954 314 1988 τε
326 1930 372 1987 καὶ
383 1929 507 2005 Λέσβιοι
522 1929 650 2010 λέγουσι·
671 1929 718 1988 καὶ
728 1927 854 2005 Ἀρίονός
865 1932 928 1988 ἐστι

124 2012 256 2092 ἀνάθημα
267 2014 389 2094 χάλκεον
402 2012 434 2075 ού
446 2016 520 2097 μέγα
533 2016 578 2075 ἐπὶ
590 2014 723 2094 Ταινάρῳ,
737 2015 783 2074 ἐπὶ
795 2014 927 2091 δελφῖνος

125 2100 375 2179 ἐττεάνάνθρωιτος.
537 2146 539 2151 ·

166 2186 321 2265 Ἀλυάττης
333 2188 362 2247 δὲ
370 2187 386 2249 ὁ
393 2186 484 2252 Λυδάς
492 2186 542 2249 τάν
550 2186 621 2264 πρδς
630 2187 791 2263 Μιλησίους
800 2186 926 2265 πόλεμον
934 2189 973 2248 25

124 2274 264 2345 διενείκας,
283 2275 432 2353 μετέπειτα
447 2278 565 2353 τελευτᾷ
579 2272 759 2350 βασιλεύσας
776 2274 838 2334 ’έτεο
856 2273 927 2333 έπτά

124 2362 173 2421 καὶ
192 2361 370 2437 πεντήκοντα.
411 2360 526 2437 ἀνέθηκε
547 2362 577 2420 δὲ
597 2360 725 2441 ἐκφυγάν
743 2359 796 2435 τήν
814 2364 925 2431 νοῦσον,
960 2424 964 2431 ,

124 2448 250 2527 δεύτερος
260 2446 401 2524 οὗτοςτής
411 2448 497 2524 οἰκίης
506 2447 608 2525 ταύτης
617 2453 645 2511 ἐς
658 2447 790 2524 Δελφούς
801 2447 927 2526 κρητῆρά

123 2560 156 2597 τε
168 2534 302 2617 ἀργύρεον
314 2536 403 2616 μέγαν
415 2536 461 2595 καὶ
476 2534 706 2613 ὑποκρητηρίδιον
718 2534 848 2613 σιδήρεον
860 2540 926 2595 κολ-

123 2622 220 2697 λητάν,
230 2623 295 2699 θέης
304 2621 382 2691 ἀξιον
391 2621 436 2682 διά
444 2620 554 2682 πάντων
561 2626 616 2682 τῶν
629 2626 658 2681 ἐν
668 2626 813 2698 Δελφοῖσι
825 2622 926 2698 ἀναθη-

123 2707 225 2786 μάτων,
248 2708 377 2768 Γλαύκου
398 2712 448 2768 τοΰ
470 2708 542 2767 Χίου
566 2708 682 2786 ποίημα·
709 2708 740 2772 ἀς
764 2714 866 2785 μοῦνος
890 2708 925 2785 δή

123 2794 234 2857 πάντων
246 2795 396 2874 ἀνθρώπων
408 2794 524 2872 σιδήρου
537 2794 677 2871 κόλλησιν
689 2795 791 2872 ἐξεῦρε.

164 2882 389 2958 Τελευτήσαντος
405 2882 435 2941 δὲ
446 2880 604 2942 Ἀλυάττεω
620 2882 761 2951 ἐξεδέξατο
776 2881 828 2956 τήν
839 2883 974 2958 βασι-26

124 2969 346 3045 ληίηνΚροῖσος
359 2968 374 3027 ὁ
387 2967 552 3037 Ἀλυάττεω,
564 2968 644 3028 ἐτέων
657 2967 707 3028 ἐάν
719 2966 834 3044 ήλικίην.
843 2969 926 3030 πέντε
950 2978 952 2983 ’

125 3056 171 3114 καὶ
186 3054 343 3132 τριήκοντα
364 3055 395 3118 ὃς
410 3055 444 3131 δή
461 3054 605 3129 Ἑλλήνων
620 3053 757 3130 πρώτοισι
773 3053 927 3129 ἐπεθήκατο

123 3141 297 3219 Ἐφέσιοισι.
338 3143 404 3203 ἔνθα
416 3141 450 3217 δή
461 3144 487 3200 οἱ
497 3140 629 3217 Ἐφέσιοι
640 3139 926 3218 πολιορκεόμενοιάιιέ

124 3228 218 3299 αὐτοῦ,
231 3227 367 3289 ἀνέθεσαν
378 3227 430 3303 τήν
442 3226 526 3288 πάλιν
537 3230 574 3305 τῇ
582 3224 723 3303 Ἀρτέμιδι
733 3224 883 3303 ἐξάψαντες
895 3234 927 3288 ἐκ

968 3354 1071 3447 Δ
