2150 3500
165 109 197 156 ιι
469 102 651 155 Ἧυοιοτοτ
929 101 964 168 [ι

124 254 128 260 ,
165 190 260 264 Κῦρος
271 184 449 263 παραλαβῶν
459 183 510 245 τὸν
521 182 612 265 λαγδν
623 183 768 262 ἀνέσχισε·
789 179 876 261 εὖράν
890 182 929 243 δὲ·
938 186 968 243 ἐν

166 273 239 352 αὐτῷ
263 273 296 333 τὰ
320 274 441 350 βιβλίον
468 271 543 332 ἐνεάν
567 271 668 348 λαβῶν
690 271 849 351 ἐπελέγετο·
875 269 914 332 τά
938 270 969 330 δὲ
1052 322 1053 331 ,

157 360 318 444 ’γράμματα
338 361 418 442 ἔλεγε
436 359 512 420 τάδε·
533 359 582 419 “οἰ
596 363 650 436 παῖ
668 357 843 435 Καμβύσεω,
859 361 897 418 σὲ
911 357 968 439 γάρ

167 451 227 510 θεοὶ
247 448 392 527 ε’πορέωσι·
413 446 446 508 οὔ
464 447 520 530 γάρ
540 445 575 507 ἀν
595 472 660 507 κοτε
679 451 708 510 ἐς
725 449 863 506 τοσοῦτον
881 445 971 524 ττίγρρς

167 537 276 598 ἀπίκευ·
296 535 333 596 σύ
348 540 397 597 νῦν
408 534 568 617 Ἀστυάγεα
579 534 629 597 τάν
640 537 764 595 σεωυτοῦ
777 534 868 609 φονέα
878 535 970 594 τίσαι·

167 625 238 686 κατά
249 627 302 702 μέν
316 623 371 706 γάρ
384 624 437 701 τὴν
450 622 551 684 τούτου
566 623 725 701 προθυμίην
735 622 879 699 τέθνηκας,
892 621 927 683 τά
940 622 972 682 δὲ

167 712 239 774 κατά
261 711 341 776 θεούς
361 738 392 773 τε
415 711 462 772 καὶ
483 714 533 790 ἐμὲ
554 712 667 789 περίεις·
691 708 728 771 τά
750 735 786 771 σε
809 711 856 771 καὶ
877 709 973 770 πάλαι
1054 740 1056 771 f

168 801 253 862 δοκέω
271 800 364 860 πάντα
384 799 612 877 ἐκμεμαθηκέναι,
629 798 681 858 σέο
697 823 731 859 τε
747 796 833 858 αὐτοῦ
848 798 917 876 πέρι
935 797 974 862 ὥς

169 887 296 967 ἐπρήχθη
314 889 361 948 καὶ
378 888 425 947 οἶα
443 886 498 968 ἐγω
513 886 569 946 ὖπά
582 885 755 968 Ἀστυάγεος
771 887 908 957 πέπονθα,
928 885 973 947 ὅτι

169 1001 205 1036 σε
218 975 267 1035 οὐκ
280 974 426 1036 ἀπέκτεινα
439 974 517 1034 ἀλλά
530 975 617 1034 ἔδωκα
631 978 671 1054 τῷ
684 971 827 1054 βουκόλῳ.
868 973 907 1035 συ
922 977 974 1035 νῦν

168 1062 203 1138 ἢν
217 1061 313 1142 βούλῃ
330 1064 392 1140 ἐμοὶ
409 1063 566 1133 πείθεσθαι,
582 1065 692 1139 τῆσπερ
710 1059 872 1143 Ἀστυάγης
889 1060 975 1141 άρχει
1055 1076 1057 1101 ³

168 1149 596 1229 χάρηςταιίτηςάτάσηςᾶρξεις.
629 1148 976 1231 Πέρσαςγάράναπείσας

169 1237 345 1301 ἀπίστασθαι
357 1237 549 1319 στρατηλάτεε
565 1237 612 1297 ἐπὶ
623 1236 748 1313 Μήδους·
764 1238 811 1298 καὶ
824 1235 861 1314 ἥν
872 1262 905 1298 τε
917 1234 975 1320 έγά

133 1381 140 1398 ,
168 1325 224 1387 άτό
231 1325 403 1409 Ἀστυάγεος
415 1326 564 1404 ἀποδεχθά
576 1324 735 1408 στρατηγάς
746 1323 826 1386 ἀντία
837 1350 900 1398 σευ,
911 1327 976 1388 ἐστι

169 1440 214 1475 τοι
232 1415 270 1475 τά
289 1415 327 1476 σι)
346 1414 475 1492 βούλεαι,
496 1411 532 1489 ἦν
551 1438 583 1473 τε
602 1417 658 1473 τῶν
676 1437 720 1476 τις
740 1412 860 1491 δοκίμων
881 1412 976 1480 ἄλλος
1010 1461 1013 1469 .

169 1502 284 1578 Μήδων·
305 1506 412 1581 πρῶτοι
430 1500 487 1583 γάρ
508 1498 585 1560 οὗτοι
604 1499 779 1565 ἀποστάντες
798 1499 847 1561 ἀπ’
867 1503 976 1563 ἐκείνου

171 1591 218 1649 καὶ
229 1589 373 1672 γενόμενοι
385 1588 455 1666 πρὸς
467 1588 527 1660 σέο,
537 1587 697 1669 Ἀστυάγεα
709 1589 865 1665 καταιρέειν
875 1591 975 1668 πειρή-

171 1702 279 1738 σονται·
300 1677 337 1741 οἷς
357 1675 394 1737 ὧν
414 1676 525 1755 ἑτοίμου
544 1681 595 1738 τοῦ
613 1702 649 1760 γε
666 1675 763 1739 ἐνθάδε
783 1675 876 1741 ἐάντος
895 1679 998 1740 ποίεε’

169 1770 266 1837 ταῦτα,
280 1766 326 1825 καὶ
337 1767 416 1826 ποίεε
427 1764 497 1826 κατά
509 1763 621 1845 τάχος.”

126 1856 182 1914 125
211 1852 350 1917 Ἀκούσας
364 1857 454 1914 ταῦτα
473 1852 489 1913 ὁ
510 1858 612 1931 Κῦρος,
631 1853 776 1932 ἐφρόντιζε
795 1852 863 1934 ὅτεῳ
878 1854 976 1937 τράπορ

106 2011 108 2015 ¹
172 1941 327 2021 σοφωτάτῳ
339 1939 456 2020 Πέρσας
466 1939 613 2001 ἀναπείσει
620 1940 806 2022 ἀπίστασθαι·
818 1942 976 2020 φροντίζων

171 2029 202 2090 δέ
215 2029 372 2108 εὖρίσκεται
382 2034 471 2090 ταῦτα
485 2027 652 2107 καιριώτατα
662 2028 741 2089 εἶναι·
755 2031 845 2090 ἐποίεε
857 2030 888 2090 δέ
896 2030 974 2093 τάδε·

171 2116 283 2200 γράψας
296 2122 324 2180 ἐς
334 2119 456 2195 βιβλίον
467 2116 503 2177 τά
516 2116 662 2194 ἐβούλετο,
674 2116 759 2193 ἀλίην
770 2122 826 2180 τῶν
837 2120 976 2196 Περσέων

173 2205 336 2282 ἐποιήσατο·
356 2204 428 2283 μετά
442 2206 481 2277 δὲ,
497 2203 655 2274 ἀναπτύξας
667 2203 701 2265 τᾶ
716 2206 838 2283 βιβλίαν
852 2209 901 2267 καὶ
915 2212 976 2268 ἐπι·

172 2294 330 2375 λεγόμενος,
349 2295 405 2369 ἐφη
421 2290 582 2373 Ἀστυάγεά
598 2317 648 2370 μιν
662 2292 822 2376 στρατηγὸν
839 2296 977 2379 Περσέων

172 2380 372 2451 ἀποδεικνύναι,
396 2384 477 2440 “νΰν’
495 2378 551 2450 τε,”
575 2382 631 2457 ἔφη
655 2380 754 2462 λέγων,
777 2380 826 2440 “ὧ
851 2382 974 2460 Πέρσαι,

172 2466 352 2549 προαγορεύω
361 2467 427 2545 ὑμῖν
436 2470 565 2544 παρεῖναι
574 2467 693 2529 ἕκαστον
703 2469 804 2547 ἔχοντα
812 2468 976 2549 δρέπανον.”

175 2560 269 2632 Κῦρος
284 2558 336 2633 μὲν
350 2559 438 2615 ταῦτα
453 2553 657 2636 προηγόρευσε.
697 2554 771 2635 (ἐστι
790 2556 821 2615 δὲ
840 2560 976 2635 Περσέων

175 2641 267 2721 συχνά
285 2642 377 2724 γένεα·
398 2642 445 2702 καὶ
459 2641 495 2703 τοὶ
509 2646 562 2720 μὲν
582 2642 672 2704 αὐτῶν
687 2642 704 2703 ὁ
722 2648 817 2722 Κῦρος
835 2644 976 2708 συνάλισε

175 2732 222 2790 καὶ
234 2730 364 2791 ἀνέπεισε
379 2729 557 2792 ἀπίστασθαι
573 2729 629 2792 άπά
645 2729 761 2808 Μήδων·
776 2733 839 2793 ἐστι
855 2732 975 2808 δὲτάδε,

175 2818 207 2889 ἐξ
222 2816 259 2879 ὧν
275 2816 364 2879 ὧλλοι
379 2817 481 2883 πάντες
493 2818 625 2898 ἀρτέαται
636 2818 760 2896 Πέρσαι·
775 2820 974 2903 Πασαργάδαι,

174 2905 333 2985 Μαράφιοι,
353 2905 493 2967 Μάσπιοι·
533 2907 638 2969 τούτων
658 2908 849 2990 Πασαργάδαι
868 2910 925 2971 εἰσὶ
944 2910 975 2972 ά-

174 3013 276 3065 ριστοι·
290 2992 320 3049 ἐν
333 2991 410 3048 τοῖσι
425 2988 472 3047 καὶ
483 2986 676 3067 Ἀχαιμενίδαι
691 2989 748 3050 εἰσὶ
764 2989 885 3069 φρήτρη,
898 2991 977 3054 ἐνθεν

176 3079 203 3135 οἶ
217 3075 355 3153 βασιλέες
370 3078 398 3136 οἱ
410 3076 564 3153 Περσεῖδαι
574 3074 721 3157 γεγόνασι.
759 3075 847 3137 ἀλλοι
859 3078 890 3138 δὲ
901 3078 975 3159 Πέρ-

176 3188 228 3223 σαι
239 3164 296 3224 εἰσὶ
305 3164 371 3224 οἶδε’
404 3164 603 3234 Πανθιαλαῖοι,
614 3169 807 3241 Δηρουσιαῖοι,
817 3166 976 3245 Γερμάνιοι·

176 3248 253 3311 οὗτοι
263 3253 316 3328 μὲν
327 3250 429 3315 πάντες
441 3248 577 3329 ἀροτῆρές
592 3254 656 3324 εἶσι,
669 3253 697 3313 οἱ
709 3253 740 3313 δὲ
751 3250 838 3314 ἀλλος
848 3254 976 3333 νομάδες·
