2150 3500
96 127 209 196 οτι-οι]
435 126 571 180 omnm.
846 130 896 180 ιω

94 236 143 271 τοι
154 213 205 270 τοῦ
216 208 386 288 χρόνου,’καὶ
399 205 455 267 όπδ
470 207 563 283 νήσων
575 206 695 285 προοήῖε
707 207 797 271 ἄλλος
810 206 899 285 φόρος

96 298 145 357 καὶ
160 302 215 358 τῶν
234 302 264 357 ἐν
275 300 311 375 τῇ
323 294 445 373 Εύριόπη
458 296 543 375 μέχρι
556 296 720 372 Θεσσαλίης
738 296 897 372 οἰκημένων.

94 388 198 444 τοῦτον
219 382 271 444 τόν
293 382 385 459 φόρον
411 384 573 463 θησαυρίζει
599 382 615 444 ὁ
640 382 780 459 βασιλεύς
804 381 899 463 τρόπῳ

94 472 203 551 τοιῷδε·
218 476 246 535 ἐς
255 471 353 533 πίθους
363 470 525 547 κεραμίνους
533 470 620 547 τήξας
631 471 767 549 καταχέει·
783 470 900 546 πλήσας

96 558 129 617 δὲ
141 558 175 619 τό
189 558 283 641 ἄγγος,
296 559 445 637 περιαιρέει
458 556 509 620 τόν
521 555 651 635 κέραμονε
673 558 757 618 ἐπεὰν
769 558 799 617 δὲ
811 558 897 639 δεηθῇ

95 645 257 724 χρημάτων,
280 645 448 707 κατακόπτει
467 650 589 706 τοσοῦτο
613 644 683 707 όσου
707 642 742 707 όν
765 644 900 709 ἑκάστοτε

97 732 203 809 δέηται.
564 737 584 769 ⁸
638 775 640 780 -

140 817 229 881 Αὗτοι
240 822 293 898 μέν
304 847 353 882 νυν
363 820 452 900 οἷρχαί
459 847 491 881 τε
503 820 579 898 ἦσαν
589 821 635 881 καὶ
645 821 740 901 φόρων
750 820 894 892 ἐπιτάξιες.
905 824 943 883 97

97 907 118 983 ἦ
127 909 235 985 Περσὶς
245 910 274 969 δέ
283 908 362 989 χιόρη
371 908 461 986 μούνη
468 934 518 986 μοι
527 908 577 969 ούκ
588 909 694 987 εἴρηται
704 908 897 987 δασμοφόρος·
907 939 909 943 ·

98 994 202 1055 ἀτελέα
214 988 270 1077 γάρ
284 998 396 1074 Πέρσαι
411 996 541 1074 νέμονται
553 997 656 1075 χώρην.
690 997 749 1057 οἶδε
759 997 795 1055 δὲ
808 996 898 1073 φόρον

98 1085 154 1160 μὲν
179 1083 276 1145 οὐδένα
301 1078 466 1162 ἐτάχθησαν
488 1085 592 1163 φέρειν,
619 1085 694 1163 δῶρα
721 1084 752 1143 δὲ
777 1083 897 1164 α’γίνεον·

99 1172 233 1235 Αἰθίοπες
255 1175 282 1231 οἱ
304 1171 461 1249 πρόσουροι
483 1171 623 1252 Αἰγύπτῳ,
647 1172 712 1235 τούς
735 1166 898 1248 Καμβύσης

100 1258 223 1320 ἐλαύνων
240 1260 287 1319 ἐπὶ
307 1260 372 1323 τούς
392 1252 577 1336 Μακροβίους
597 1260 734 1321 Αἰθίοπας
753 1259 899 1335 κατεστρέ-

100 1354 185 1426 ψατο·
202 1347 228 1407 οἳ
240 1348 307 1425 περί
316 1372 348 1407 τε
360 1346 462 1422 Νύσην
474 1346 526 1423 τήν
541 1346 602 1424 ἱρήν
616 1346 792 1422 κατοίκηνται
805 1346 899 1427 καὶτῷ

101 1434 231 1515 Διονύσῳ
251 1434 389 1517 ἀνάγουσι
407 1434 457 1497 τός
477 1433 570 1511 ὁρτάς.
611 1431 689 1503 οὗτοι
709 1437 736 1494 οἱ
756 1434 896 1509 Αἰθίοπες,

101 1523 148 1583 καὶ
161 1526 189 1583 οἱ
200 1522 396 1602 πλησιόχωροι
407 1520 542 1593 τούτοισι,
554 1522 695 1599 σπέρματι
704 1524 757 1599 μὲν
765 1521 901 1601 χρέωνται

99 1615 140 1691 τῷ
158 1610 230 1690 αὕτηΑ
246 1616 286 1691 τῷ
303 1611 349 1669 καὶ
370 1613 397 1671 οἱ
414 1611 578 1671 Καλαντίαι
598 1610 690 1671 Ἰνδοί·
712 1610 849 1688 οἰκήματα
870 1610 900 1669 δέ

100 1700 229 1776 ἔκτηνται
247 1698 394 1780 κατάγαια·
414 1695 492 1758 οὗτοι
511 1693 721 1776 συναμφότεροι
741 1698 786 1758 διαὶ
805 1699 900 1775 τρίτου

100 1788 176 1850 ἔτεος
192 1787 310 1867 α’γίνεον,
328 1786 470 1868 α’γινέουσι
486 1787 517 1846 δὲ
538 1788 585 1846 καὶ
601 1787 635 1847 τό
652 1788 737 1866 μέχρι
757 1791 831 1863 ἐμεῦ,
847 1786 900 1848 δύο

78 1923 79 1926 ¹
99 1877 225 1954 χοίνικας
244 1874 351 1952 ἀπύρου
370 1875 497 1954 χρυσίου,
519 1876 566 1934 καὶ
585 1875 728 1950 διηκοσίας
748 1874 900 1956 φάλαγγας

101 1964 210 2040 ἐβένου,
228 1964 274 2022 καὶ
294 1964 376 2023 πέντε
396 1963 502 2026 παῖδας,
515 1957 662 2036 Αἰθίοπας,
680 1962 726 2020 καὶ
747 1963 901 2038 ἐλέφαντος

100 2050 217 2114 όδόντας
235 2047 376 2132 μεγάλους
397 2052 495 2110 εἴκοσι.
538 2049 651 2129 Κόλχοι
670 2049 701 2108 δέ
720 2049 851 2119 ἐτάξαντο
872 2055 900 2114 ἐς
978 2081 982 2090 ·

99 2138 154 2214 τήν
167 2138 277 2217 δωρεήν,
292 2140 338 2198 καὶ
357 2141 384 2199 οἱ
401 2138 555 2218 προσεχέες
570 2139 654 2216 μέχρι
669 2140 720 2196 τοῦ
738 2136 901 2203 Καυκάσιος

101 2224 206 2303 οὔρεος·
224 2232 252 2290 ἐς
263 2230 346 2286 τοῦτο
358 2225 457 2307 γάρτό
472 2225 553 2303 ούρος
564 2225 619 2285 find
633 2226 766 2303 Πέρσησι
775 2223 900 2303 ἄρχεται·

100 2313 138 2374 τό
154 2313 184 2372 δὲ
198 2313 269 2391 πρός
285 2316 378 2392 βορῆν
396 2313 498 2391 όνεμον
513 2316 564 2373 τοῦ
584 2312 747 2395 Καυκάσιος
766 2313 901 2389 Περσέων

101 2400 181 2461 οὐδὲν
194 2401 234 2460 ἐτι
247 2403 396 2481 φροντίζει.
431 2399 508 2462 οὗτοι
524 2400 562 2461 ὧν
574 2396 698 2478 δῶραποῖ
712 2399 844 2469 ἐτάξαντο
858 2398 900 2461 ’ἔτι

101 2489 149 2548 καὶ
168 2494 195 2552 ἐς
213 2493 263 2566 ἐμὲ
281 2490 328 2549 διὰ
345 2489 539 2565 πεντετηρίδος,
552 2487 669 2570 οἷγίνεον,
687 2487 784 2548 ἑκατόν
799 2489 901 2552 παῖδας

101 2578 150 2636 καὶ
170 2577 268 2637 ἑκατόν
285 2577 446 2656 παρθένους.
480 2575 612 2653 Ἀράβιοι
630 2577 660 2636 δέ
677 2578 759 2656 χίλια
775 2576 901 2636 τάλαντα
928 2605 931 2609 ’

101 2663 213 2746 α’γίνεον
230 2666 391 2742 λιβανωτοῦ
408 2663 461 2725 α’νυὶ
477 2668 534 2724 πᾶν
550 2665 620 2728 ἐτος.
653 2669 742 2724 ταῦτα
757 2665 810 2741 μέν
825 2661 901 2723 οὗτοι

101 2753 178 2830 δῶρα
189 2751 280 2830 πάρεξ
290 2757 341 2812 τοῦ
355 2752 444 2830 φόρου
457 2753 579 2827 βασιλέῐ
592 2750 728 2827 ἐκόμιζον.

144 2839 201 2900 Τόν
218 2841 248 2900 δὲ
265 2838 373 2919 χρυσόν
389 2843 489 2900 τοῦτον
505 2839 557 2899 τόν
573 2837 685 2898 πολλόν
703 2841 731 2897 οἶ
749 2837 840 2906 Ἰνδοὶ,
853 2835 902 2896 ἀπ’
911 2838 950 2896 98

101 2925 136 2990 οὗ
155 2928 190 2989 τό
210 2931 312 3010 ψῆγμα
330 2931 370 3007 τῷ
389 2928 511 3003 βασιλέϊ
530 2925 563 2986 τό
585 2925 729 3004 εἰρημένον
749 2925 902 3001 κομίζουσι,

100 3016 195 3097 τρόπῳ
208 3015 304 3096 τοιῷδε
321 3016 459 3076 κτέωνται·
482 3015 543 3074 ἐστι
558 3017 610 3090 τῆς
626 3013 743 3088 Ἰνδικῆς
761 3011 853 3091 χιόρης
868 3010 902 3070 τό

101 3103 173 3182 πρός
186 3104 269 3181 ἥλιον
282 3103 435 3183 ἀνίσχοντα
449 3101 572 3181 ψάμμος·
587 3104 643 3161 Ιτῶν
655 3099 710 3181 γάρ
722 3099 802 3176 ἡμεῖς
816 3098 902 3174 ἴδμεν,

101 3194 159 3252 τῶν
171 3193 218 3252 καὶ
230 3192 294 3269 πέρι
308 3191 418 3267 ότρεκές
431 3215 458 3249 τι
472 3191 591 3270 λέγεται,
602 3193 707 3265 πρῶτοι
720 3186 791 3263 πρός
804 3185 845 3260 ήῶ
858 3184 904 3242 καὶ
929 3230 932 3237 .

102 3277 188 3358 ήλίου
203 3277 342 3342 οἷνατολοὶς
357 3273 479 3338 οἰκέουσι
495 3275 646 3353 ἀνθρώπων
659 3277 713 3335 τῶν
726 3279 756 3333 ἐν
766 3277 806 3351 τῇ
821 3271 906 3347 Ἀσίη

184 3363 216 3410 20
