2150 3500
109 101 256 167 ιτα-ιιι]
444 103 608 153 mmm.
871 109 916 158 ιιι

105 184 211 249 πτίους
236 182 320 263 ᾖσαν,
346 182 394 243 καὶ
417 186 444 244 οἱ
470 184 534 262 περὶ
555 182 607 245 τάν
629 182 756 262 Ἀμασιν
783 185 830 245 ἐπὶ
853 186 919 253 τούς

108 272 226 342 ξείνους.
266 272 297 331 έν
315 294 347 331 τε
362 270 397 346 δή
418 272 567 349 Μωμέμφι
586 271 657 333 πάλι
677 274 804 353 ἐγένοντο
824 272 918 351 α’μφά-

107 383 187 436 τεροι
200 360 246 419 καὶ
259 357 447 435 πειρήσεσθαι
461 360 582 436 ἔμελλον
595 358 740 435 ἀλλήλων.

145 445 233 507 Ἐστι
243 446 273 505 δὲ
283 446 443 525 Αἰγυπτίων
453 446 524 507 ἑπτά
534 447 625 528 γένεαΙ
640 447 686 506 καὶ
695 446 800 509 τούτων
810 452 837 508 οἷ
844 450 896 526 μὲν
905 450 963 512 164

108 533 187 611 ἱρέες,
201 536 229 593 οἷ
244 533 274 593 δὲ
286 532 407 612 μάχιμοι
421 534 576 605 κεκλέαται,
589 537 618 595 οἶ
634 533 665 593 δὲ
682 535 829 611 βουκόλοι,
845 539 872 595 οἱ
885 536 915 597 δὲ

107 622 249 697 συβῶται,
258 624 286 681 οἶ
299 621 329 680 δὲ
340 620 471 697 κάπηλοι,
481 624 507 681 οἱ
517 622 548 681 δὲ
557 623 692 699 ἑρμηνέες,
704 626 731 683 οἱ
740 623 771 683 δὲ
781 625 915 700 κυβερνῆ-

104 732 164 767 ται.
186 709 269 789 γένεα
278 710 331 785 μὲν
341 708 500 789 Αἰγυπτίων
512 708 639 770 τοσαῦτά
652 714 722 781 ἔστι,
734 709 874 789 ούνόματα
883 712 916 773 δέ

104 801 165 871 σφι
186 796 277 856 κέεται
291 794 347 856 άπδ
360 800 415 856 τῶν
427 796 556 875 τεχνέων.
598 800 625 857 οἱ
638 796 669 856 δὲ
685 796 806 877 μάχιμοι
823 797 914 860 αὐτῶν

104 883 257 943 καλέονται
275 885 328 959 μὲν
348 884 523 961 Καλασίριές
542 910 574 944 τε
595 884 642 944 καὶ
668 884 861 962 Ἑρμοτύβιες,
882 892 914 947 ἐκ

102 973 200 1046 νομῶν
213 969 243 1029 δὲ
259 970 346 1030 τῶνδε
359 971 424 1032 εἶσί·
448 970 518 1031 κατά
535 970 591 1052 γοὶρ
608 971 642 1048 δή
655 972 758 1049 νομούς
770 973 912 1055 Αἴγυπτος

103 1054 207 1118 ἅπασα
227 1056 410 1135 διαραίρηται.
451 1057 645 1137 Ἑρμοτυβίων
665 1062 719 1137 μὲν
747 1060 804 1120 οἶδε
835 1062 959 1123 εἶσὶ165

103 1145 198 1222 νομαί·
220 1146 396 1223 Βουσιρίτης,
416 1147 527 1222 Σαΐτης,
542 1147 697 1225 Χεμμίτης,
714 1150 910 1227 Παπρημίτης,

102 1235 194 1307 νῆσος
206 1233 416 1311 ήΠροσωπῖτις
430 1234 596 1311 καλεομένη,
603 1234 693 1295 Nae&
702 1236 738 1309 τὰ
751 1235 849 1313 ἥμισυ.
880 1242 911 1298 ἐκ

101 1320 158 1396 μέν
168 1320 273 1383 τούτων
287 1325 342 1383 τῶν
359 1324 452 1399 νομῶν
468 1320 654 1399 Ἑρμοτύβιες
672 1322 736 1392 εἰσί,
757 1322 908 1404 γενόμενοι,

102 1406 154 1467 ὅτε
167 1409 215 1468 ε’πὶ
227 1411 380 1473 πλείστους
392 1408 529 1490 γενοίατο,
544 1408 688 1467 ἑκκαίδεκα
700 1408 840 1487 μυριάδες·
864 1412 910 1472 καὶ

101 1494 209 1557 τούτων
227 1498 387 1575 βαναυσίης
408 1494 496 1560 οὐδεὶς
519 1495 635 1572 δεδάηκε
657 1495 743 1567 οὐδὲν,
765 1496 831 1556 ἀλλ’
849 1498 909 1559 άνέ-

102 1607 184 1645 ανται
204 1589 232 1649 ές
249 1584 284 1646 τδ
303 1584 438 1664 μάχιμον.
479 1583 664 1661 Καλασιρίων
680 1583 710 1644 δὲ
728 1583 785 1644 οδε
802 1583 888 1646 ἄλλοι
899 1588 956 1647 166

101 1672 189 1751 νομοί
200 1676 265 1733 εἰσι·
286 1675 422 1751 Θηβαῖος,
441 1673 649 1758 Βουβαστίτης,
668 1671 814 1751 Ἀφθίτης,
828 1676 908 1735 Τανί-

101 1786 162 1838 της,
180 1761 348 1837 Μενδήσιος,
367 1760 550 1839 Σεβεννύτης,
566 1761 740 1840 Ἀθριβίτης,
754 1763 907 1839 Φαρβαιθί-

101 1873 162 1924 της,
182 1849 329 1926 Θμουΐτης,
345 1848 522 1925 Ὀνουφίτης,
538 1848 677 1920 Ἀνύσιος,
698 1851 906 1927 Μυεκφορίτης·

102 1933 185 2000 οὗτος
204 1935 221 1997 ά
240 1936 326 2014 νομὸς
346 1941 375 1997 ἔν
394 1936 473 2017 νήσῳ
493 1938 584 2009 οἰκέει,
612 1937 707 1999 ἀντίον
727 1937 907 2015 Βουβάστιος

100 2023 211 2089 πόλιος.
253 2021 331 2084 οὗτοι
348 2025 378 2085 δὲ
394 2028 422 2085 οἶ
439 2026 522 2102 νομοὶ
541 2026 726 2104 Καλασιρίων
744 2027 809 2084 εἰσί·
828 2025 905 2105 γενά-

99 2135 189 2187 μενοι,
203 2110 250 2172 ὅτε
263 2113 309 2172 ἐπὶ
326 2112 480 2177 πλείστους
498 2114 634 2193 ς’γενέατο,
652 2113 735 2173 πέντε
752 2112 799 2170 καὶ
817 2112 907 2173 εἴκοσι

99 2199 232 2276 μυριάδες
252 2198 367 2278 άνδρῶν·
394 2198 457 2260 οὐδὲ
474 2199 602 2260 τούτοισι
617 2201 710 2270 ἔξεστι
727 2198 828 2277 τέχνην
840 2202 906 2258 ε’πα·

100 2290 211 2362 σκῆσαι
231 2286 368 2365 οὐδεμίαν,
386 2286 464 2347 άλλά
483 2285 520 2347 τά
541 2291 570 2351 ές
588 2286 715 2365 πόλεμον
734 2286 907 2347 ἐπασκέουσι

99 2377 199 2451 μοῦνα,
213 2378 280 2440 παῖς
292 2373 370 2452 παρὰ
382 2373 490 2454 πατρθς
504 2373 689 2451 ἐκδεκόμενος.
723 2377 760 2434 Εἰ
772 2375 824 2451 μέν
837 2400 886 2436 νυν
896 2377 952 2436 167

101 2462 148 2521 καὶ
160 2464 244 2523 τοῦτο
262 2460 328 2541 παρ’
341 2463 499 2544 Αἰγυπτίων
516 2461 698 2540 μεμαθήκασι
713 2465 742 2524 οἱ
757 2460 905 2540 Ἓλληνες,

101 2548 152 2609 ούκ
179 2551 233 2629 ἔχω
254 2549 387 2628 άτρεκέως
409 2554 506 2630 κρῖναι,
535 2550 621 2628 ὁρέων
646 2551 692 2611 καὶ
713 2550 837 2630 Θρήϊκας
859 2552 906 2611 καὶ

101 2636 213 2704 Σκύθας
228 2639 275 2697 καὶ
291 2639 409 2716 Πέρσας
424 2638 471 2698 καὶ
488 2638 606 2709 Λυδούς,
619 2639 666 2698 καὶ
683 2639 788 2720 σχεδόν
799 2638 906 2704 πάντας

99 2723 166 2789 τούς
190 2725 367 2803 βαρβάρους,
394 2724 612 2804 α’ποτιμοτέρους
637 2729 693 2786 τῶν
718 2725 815 2786 ἄλλων
837 2725 906 2806 ήγη·

100 2813 201 2889 μένους
212 2813 370 2889 πολιητέων
386 2812 451 2878 τοθς
465 2812 516 2877 τάς
536 2814 636 2893 τέχνας
654 2812 845 2890 μανθάνοντας
858 2814 904 2872 καὶ

99 2898 166 2964 τούς
186 2900 315 2982 ε’κγάνους
334 2899 447 2962 τούτων·
468 2899 534 2964 τούς
550 2901 580 2961 δὲ
596 2899 832 2981 ἀπαλλαγμένους
850 2903 906 2961 τῶν

100 2989 299 3067 χειρωναξιέων
317 2989 459 3070 γενναίους
478 2987 675 3065 νομιζομένους
694 2986 774 3056 εἶναι,
788 2988 834 3046 καὶ
852 2986 904 3064 μά-

100 3079 191 3136 λιστα
203 3075 269 3140 τούς
282 3080 310 3140 ἔς
322 3075 371 3136 τᾶν
383 3075 511 3152 πόλεμον
524 3073 691 3152 άνειμένους.
724 3073 905 3151 μεμαθήκασι

101 3160 126 3222 δ
140 3161 177 3223 ὧν
189 3166 273 3224 τοῦτο
290 3162 392 3226 πάντες
409 3161 593 3237 οἶἜλληνες,
612 3160 659 3220 καὶ
673 3159 802 3238 μάλιστα
817 3166 906 3220 Λακε·

102 3249 249 3327 δαιμόνιοι
271 3249 376 3325 ἥκιστα
392 3249 423 3308 δὲ
439 3249 586 3326 Κορίνθιοι
605 3248 717 3309 ὄνονται
730 3247 796 3311 τούς
814 3273 906 3328 χειρο·
