2150 3500
190 99 241 148 318
498 101 685 152 ‘HPOAOM
932 98 988 164 [Π

192 177 272 242 εἶναι·
290 179 483 258 αἰτιησάμενοι
498 180 530 242 δὲ
547 184 655 250 τοῦτον,
668 179 759 241 ἄλλον
776 178 996 257 ἀποπέμπουσι·

192 267 369 329 ἐντέλλονται
381 267 411 327 δὲ
423 268 464 328 ἔτι
475 267 567 339 ξῦντι.
596 264 673 327 οῦτοι
685 271 712 326 οἱ
725 265 804 326 αὐτοὶ
811 268 934 345 Θρήϊκες
947 294 997 329 και

191 354 262 432 πρδς
272 354 396 432 βροντήν
407 380 440 414 τε
452 355 499 414 καὶ
516 353 666 433 ἀστραπην
678 353 837 424 τοξεύοντες
852 353 910 414 ἀνω
922 356 996 433 πράς

191 442 242 503 τάν
255 440 381 519 ούρανάν,
401 440 549 503 ἀπειλεῦσι
568 445 607 522 τῷ
627 443 689 521 θεῷ,
703 441 801 502 οῦδένα
817 441 911 503 ἄλλον
928 443 996 504 θεάν

145 533 184 590 95
192 529 346 607 νομίζοντες
365 528 437 590 εἶναι
455 533 481 590 εἰ
498 529 540 608 μὴ
558 529 609 590 τάν
628 529 778 607 σφέτερον.
816 529 869 594 Ὡς
885 530 918 590 δέ
937 532 997 612 ἐγὼ

190 614 365 694 πυνθάνομαι
382 621 439 678 τῶν
456 615 508 678 τάν
522 614 740 693 Ἑλλήσποντον
759 616 907 678 οἰκεόντων
926 617 994 678 Ἑλ-

190 703 282 780 λήνων
306 705 355 764 καὶ
382 704 503 775 Πόντον,
527 704 579 766 τάν
612 703 755 780 Ζάλμοξιν
779 707 882 765 τοῦτον
909 704 995 766 ε’όντα

190 790 335 868 ἄνθρωπον
347 791 498 853 δουλεῦσαι
514 795 545 852 έν
563 790 659 872 Σάμῳ·
680 791 831 853 δουλεῦσαι
844 791 876 852 δὲ
894 793 994 854 Πυθα·

190 877 263 960 γόρη
274 881 314 960 τῷ
330 879 516 960 Μνησάρχου·
536 881 663 941 ἐνθεῦτεν
683 879 713 940 δὲ
727 878 821 949 ούτδν,
838 879 994 961 γενόμενον

192 966 346 1046 ἀλαῦθιρον,
362 967 496 1047 χρήματα
514 966 677 1044 κτήσασθαι
695 967 798 1047 συχνά,
810 969 995 1045 κτησάμενον

191 1054 222 1115 δὲ
238 1053 372 1117 ἀπελθεῖν
391 1060 421 1119 ές
438 1055 492 1132 τὴν
512 1059 623 1117 ἑωυτοῦ·
657 1053 707 1116 ἀπε
732 1055 763 1116 δὲ
789 1057 938 1132 κακοβίων
963 1083 995 1118 τε

192 1141 291 1206 έάντιιν
321 1145 379 1204 τῦν
409 1142 536 1220 Θρηίκων
564 1143 611 1202 καὶ
643 1141 910 1221 ῦπαφρονεστέρων,
943 1146 996 1207 τάν

192 1229 334 1309 Ζάλμοξιν
352 1233 453 1292 τοῦτον
467 1232 654 1308 ἐπιστάμενον
672 1229 780 1291 δίαιτάν
798 1255 831 1290 τε
843 1229 928 1291 Ἰάδα
949 1234 997 1292 καὶ

190 1317 262 1394 ἤθεα
287 1316 431 1396 βαθύτερα
450 1314 469 1393 ἣ
489 1317 561 1378 κατά
586 1316 716 1395 Θρήϊκας,
737 1317 784 1378 οἶα
805 1317 945 1395 Ἕλλησί
964 1333 996 1381 τὲ

190 1403 369 1484 ὁμιλήσαντα
401 1406 448 1465 καὶ
479 1403 625 1480 Ἑλλήνων
658 1403 691 1464 ού
720 1408 760 1485 τῷ
792 1402 996 1488 ἀσθενεστάτῳ

192 1497 322 1573 σοφιστῇ
334 1491 497 1575 Πυθαγόρῃ,
512 1492 780 1554 κατασκευάσασθαι
798 1491 953 1570 ἀνδρεῶνα,
967 1501 995 1560 ές

189 1580 240 1640 τάν
264 1580 469 1642 πανδοκεύοντα
492 1582 548 1640 τεῦν
576 1578 671 1640 ἀστῦν
694 1577 760 1644 τοῦς
787 1583 920 1657 πριῦτους
947 1585 995 1643 καὶ
1059 1629 1060 1650 ;

189 1665 349 1746 ιύωχέοντα,
378 1665 571 1728 ἀναδιδάσκειν
604 1665 640 1732 ὥς
671 1667 735 1729 οῦτε
760 1665 845 1730 αύτδς
871 1667 940 1730 οὔτε
966 1674 995 1732 οἱ

189 1754 332 1832 συμπόται
356 1754 444 1816 αύτοῦ
463 1754 527 1816 οὔτε
547 1758 576 1815 οἰ
595 1760 626 1815 έκ
644 1755 749 1817 τούτων
771 1756 826 1816 αἰεὶ
845 1757 995 1837 γινόμενοι

187 1840 397 1913 ἀποθανέονται,
410 1840 477 1902 ἀλλ’
494 1842 595 1919 ἥξουσι
613 1848 642 1907 ές
655 1848 747 1923 χῶρον
759 1847 862 1903 τοῦτον
876 1844 924 1905 ίνα
936 1848 994 1907 αἰεὶ

187 1928 341 2007 περιεόντες
361 1930 457 2000 ἕξουσι
474 1930 512 1991 τά
530 1929 623 1991 πάντα
642 1930 744 2011 ἀγαθά·
765 1928 831 2009 ένῷ
849 1930 880 1991 δὲ
895 1935 992 1995 ἐποίεε
1058 1940 1059 1991 3

189 2017 226 2079 τά
245 2018 452 2099 καταλεχθέντα
471 2018 518 2078 καὶ
537 2020 618 2099 ἔλεγε
638 2022 735 2089 ταῦτα,
752 2022 781 2079 έν
796 2018 888 2098 τούτῳ
904 2021 990 2081 κατά-

187 2132 268 2188 γαιον
283 2108 386 2184 οἴκημα
402 2106 535 2167 ἐποιέετο·
556 2105 593 2170 ιῦς
612 2106 644 2167 δέ
663 2109 691 2167 οἶ
709 2108 868 2171 παντελέως
881 2106 943 2187 εἶχε
955 2110 990 2169 τά

188 2196 299 2273 οἴκημα,
316 2201 347 2255 ἐκ
363 2196 422 2272 μὲν,
432 2197 488 2256 σῦν
505 2193 631 2270 Θρηίκων
643 2193 799 2271 ἠφανίσθη,
814 2196 947 2271 καταβάς
959 2197 991 2257 δὲ
1057 2216 1058 2261 ι

188 2281 262 2342 κάτω
275 2286 303 2347 ἀς
314 2282 348 2343 τδ
356 2280 512 2363 κατάγαιον
523 2282 627 2358 οἴκημα
643 2282 767 2343 διαιτᾶτο
780 2280 822 2341 ἐπ’
835 2282 900 2341 ἔτεα
912 2285 989 2359 τρία·

189 2370 218 2428 οἶ
236 2369 270 2428 δέ
289 2394 339 2445 μιν
359 2368 477 2431 ε’πόθεόν
496 2395 528 2430 τε
554 2369 601 2428 καὶ
623 2369 754 2431 ἐπένθεον
779 2367 816 2433 οἷς
837 2369 989 2431 τεθνειῦτα·

186 2454 306 2534 τετάρτῳ
331 2456 406 2515 δὲ’
390 2464 445 2517 ετεῖ
473 2456 564 2532 ἐφάνη
593 2459 671 2517 τοῖσι
699 2455 808 2534 Θρηιξι
841 2480 891 2515 και
916 2457 990 2519 οὕτω

165 2540 292 2601 πιθανά
311 2546 400 2617 σφι’
387 2542 498 2622 εγένετο
515 2543 552 2603 πά
570 2542 683 2691 δἔλεγε
667 2570 684 2603 ο
705 2542 867 2619 Ζάλμοξις-
897 2546 989 2605 ταῦτά

141 2627 179 2688 96
188 2627 265 2703 φασι
273 2653 322 2705 μιν
333 2649 463 2705 ποιησαι
481 2628 597 2711 Ἐγωδ
587 2630 677 2708 επερὶ
694 2656 747 2707 μεν
762 2630 863 2691 τούτου
876 2632 989 2693 καὶτοῦ

188 2716 339 2797 καταγαίου
352 2716 501 2795 οἰκήματος
513 2716 577 2778 οῦτε
591 2717 715 2778 ἀπιστέω
731 2715 795 2778 οῦτε
811 2715 848 2777 ἀν
861 2718 989 2779 πιστεύω

186 2827 216 2862 τι
237 2804 312 2881 λίην·
345 2804 430 2865 δοκέω
455 2804 486 2865 δὲ
507 2808 649 2865 πολλοῖσι
673 2806 749 2867 ἔτεσι
771 2804 910 2883 πρότερον
936 2806 989 2867 τάν

187 2890 329 2967 Ζάλμοξιν
359 2896 459 2952 τοῦτον
489 2892 623 2972 γενέσθαι
649 2891 831 2973 Πυθαγόρεω.
873 2893 930 2953 εἴτε
956 2894 988 2953 δὲ

188 2976 296 3053 ε’γένετό
307 3002 350 3039 τις
362 2978 503 3053 Ζάλμοξις
519 2976 712 3054 ἄνθρωπος’
686 3004 727 3038 ειτ
726 2978 811 3038 ἐστὶ
825 2978 932 3056 δαίμων
944 3005 988 3044 τις

186 3059 348 3136 Γέτῃσι
315 3087 396 3124 ουτος
422 3062 577 3141 ε’πιχιέριος,
603 3066 733 3143 χαιρέτω.
774 3062 853 3125 οῦτοι
876 3066 986 3142 μενδη
1054 3080 1055 3119 λ

184 3142 279 3220 τρόπῳ
310 3146 426 3223 τοιούτω
456 3147 617 3224 χρεόμενοι,
644 3174 680 3213 ως
706 3149 945 3230 έχειρύθησιιν
927 3152 985 3213 υπά

183 3228 368 3298 Περσέων,
338 3252 452 3289 ειταντο
462 3255 503 3309 τω
487 3232 594 3312 άλλη
606 3240 728 3315 στρατῷ.
