2150 3500
164 93 211 142 ιιι
281 137 288 143 ,
460 93 645 146 Ἤτοιουοτ
917 95 977 164 [Π.

167 171 243 234 ἄλλο
257 178 340 250 σῶμα
355 179 407 236 τοῦ
421 175 494 252 βοός
510 180 656 253 πιμπλᾶσι
671 174 761 254 ἄρτων
774 179 906 258 καθαριῦν
924 180 977 240 καὶ

166 262 280 339 μέλιτος
293 263 339 321 καὶ
351 261 509 340 άσταφῶος
522 264 569 323 καὶ
582 263 674 324 σύκων
687 265 733 324 καὶ
746 268 909 342 λιβανωτοῦ
925 269 976 328 καὶ
1053 266 1054 328 ί

166 350 291 427 σμύρνης
311 351 431 412 καὶτῶν
450 351 546 413 ἄλλων
569 351 728 429 θυωμάτων·
754 352 920 430 πλήσαντες
943 357 976 417 δὲ

165 438 278 511 τούτων,
301 441 483 521 καταγίζουσι
505 441 601 501 ἔλαιον
624 438 749 517 ἄφθονον
773 443 974 522 καταχέοντες.

166 527 425 604 προνηστεύσαντες
437 528 467 588 δὲ
480 528 589 589 θύουσι.
624 529 775 606 καιομένων
788 529 818 588 δὲ
830 533 888 590 τῶν
902 534 975 608 ἶρῶν

165 614 315 677 τύπτονται
342 617 452 682 πάντες·
485 617 570 677 ε’πεοὶν
595 616 626 676 δὲ
651 615 857 696 ἀποτύψωνται,
886 618 974 682 δαῖτα

166 704 343 780 προτίθενται
354 705 390 765 τά
403 705 534 766 ε’λίποντο
546 709 601 765 τῶν
615 707 689 782 ἶριῦν.

118 791 155 851 41
206 791 276 855 Τούς
287 793 340 869 μέν
349 818 397 852 νυν
407 792 544 869 καθαρούς
556 793 628 869 βοῦς
640 791 705 856 τοῦς
715 793 829 871 ἔρσενας
842 794 891 854 καὶ
902 795 972 860 τοῦς
1054 857 1055 868 ,

165 877 292 958 μόσχους
305 883 332 939 οἶ
344 879 444 944 πάντες
458 880 607 960 Αἰγύπτιοι
623 879 732 940 θύουσι·
752 881 848 944 τὰςδέ
862 883 972 959 θηλέας

166 966 199 1026 ού
214 978 270 1044 σφι
288 969 380 1038 ἔξεστι
395 967 478 1038 θύειν,
492 967 570 1027 α’λλιὶ
588 968 647 1046 ἱραί
662 971 717 1028 εἰσι
731 973 783 1045 τῆς
797 968 899 1034 Ἴσιος.
934 972 971 1032 τό

164 1053 220 1136 γάρ
240 1059 291 1132 τῆς
311 1056 402 1120 Ἴσιος
428 1056 546 1137 ἄγαλμα
569 1055 615 1116 ε’δν
636 1056 798 1138 γυναικήῖον
820 1058 971 1136 βούκερων

167 1147 237 1213 ἔστι,
251 1143 374 1221 κατάπερ
383 1143 521 1220 Ἕλληνες
533 1142 586 1219 τὴν
597 1142 672 1204 Ἰοῦν
683 1144 838 1226 γράφουσι·
855 1147 903 1207 καὶ
914 1147 969 1212 τὰς

164 1231 238 1306 βοῦς
252 1232 303 1296 τὰς
315 1233 419 1310 θηλέας
431 1231 579 1312 Αἰγύπτιοι
593 1227 695 1296 πάντες
708 1231 809 1309 ὁμοίιος
827 1235 969 1311 σέβονται

165 1319 317 1397 προβάτων
329 1320 439 1381 πάντων
451 1318 579 1396 μάλιστα
590 1322 697 1398 μακρῷ.
730 1323 786 1380 τῶν
799 1321 890 1381 εἵνεκα
907 1321 968 1398 οὔτ’

165 1405 235 1486 άιήρ
250 1409 401 1490 Αἰγύπτιος
419 1407 482 1469 οὔτε
498 1401 569 1490 γυνή
584 1407 814 1484 ι’ίνδραἜλληνα
828 1409 968 1486 φιλήσειε

166 1492 201 1555 ἂν
215 1500 253 1575 τῷ
265 1498 394 1572 στόματι,
408 1494 472 1555 ου’δὲ
487 1497 612 1576 μαχαίρῃ
625 1494 725 1573 α’νδρδς
736 1495 880 1573 Ἕλληνος
896 1499 967 1578 χρή·

165 1609 254 1653 σεται,
264 1584 320 1643 οὐδ’
327 1584 468 1659 ὀβελοῖσι,
480 1582 544 1643 οὐδὲ
553 1585 664 1661 λέβητι,
674 1583 736 1644 οὐδὲ
746 1585 829 1660 κρέως
840 1587 967 1664 καθαροῦ

164 1670 237 1748 βοός
259 1671 475 1750 διατετμημένου
494 1671 649 1753 Ἑλληνικῇ
672 1673 798 1753 μαχαίρῃ
820 1673 965 1756 γεύσεται.

164 1757 305 1820 θάπτουσι
317 1761 347 1820 δὲ
359 1761 424 1824 τοῦς
434 1759 664 1836 ἀποθνήσκοντας
676 1763 749 1838 βοῦς
757 1761 864 1839 τρόπον
873 1762 964 1825 τόνδε·

162 1847 214 1911 τός
225 1850 277 1925 μὲν
290 1849 393 1925 θηλέας
406 1853 434 1911 ἐς
444 1848 495 1909 τόν
507 1848 636 1925 ποταμόν
645 1847 754 1920 οἷπαῖσι,
763 1849 828 1913 τοῦς
841 1850 872 1909 δὲ
885 1852 964 1928 ἔρσε-

164 1962 213 2000 νας
226 1936 437 2015 κατορύσσουσι
450 1938 564 1997 έκαστοι
577 1942 607 1998 ἐν
618 1939 697 1997 τοῖσι
709 1938 913 2014 προαστείοισι,
927 1939 963 2001 τό

164 2025 245 2101 κέρας
256 2024 290 2086 τό
300 2025 393 2103 ἕτερον
403 2023 421 2102 ἢ
431 2025 477 2084 καὶ
489 2023 638 2103 ἀμφότερα
647 2023 828 2104 ῦπερέχοντα,
839 2027 963 2103 σημηίου

164 2112 274 2174 εἵνεκεν.
308 2113 391 2175 ἐπεάν
411 2114 442 2173 δὲ
461 2117 550 2193 σαπῇ,
569 2113 616 2173 καὶ
635 2114 742 2193 προσίῃ
760 2113 777 2174 ό
794 2116 963 2195 τεταγμένος

162 2200 271 2280 χρόνος,
289 2202 447 2264 α’πυενέεται
467 2206 494 2266 ἐς
514 2199 636 2277 ἑκάστην
653 2201 738 2262 πόλιν
755 2200 841 2279 βάρις
861 2207 892 2261 ἔκ
912 2207 963 2279 τῆς

164 2291 377 2366 Προσωπίτιδος
397 2290 566 2367 καλευμένης
585 2288 683 2366 νήσου·
703 2289 723 2366 ἦ
742 2289 765 2349 δ’
782 2291 843 2350 ἔστι
863 2291 915 2367 μὲν
933 2297 962 2351 ἐν

161 2382 200 2457 τῷ
217 2379 320 2447 Δέλτα,
333 2379 498 2455 περίμετρον
515 2378 545 2436 δὲ
566 2376 650 2453 αύτῆς
669 2378 725 2438 εἶσὶ
742 2382 855 2457 σχοῖνοι
874 2380 960 2439 έννέα·

162 2470 192 2525 ἐν
210 2464 297 2544 ταύτῃ
317 2465 355 2526 ὧν
372 2469 409 2543 τῇ
428 2466 622 2543 Προσωπίτιδι
641 2465 719 2546 ιήσερ
738 2466 823 2526 ἔνεισι
842 2468 895 2543 μὲν
915 2468 961 2528 καὶ

161 2552 250 2612 ἄλλοι
257 2553 356 2617 πόλιες
366 2553 476 2632 συχναὶ,
485 2558 515 2612 ἐκ
524 2556 575 2630 τῆς
585 2554 615 2613 δὲ
625 2556 654 2613 αἶ
666 2553 751 2631 βάρις
760 2553 960 2636 παραγίνονται

161 2639 379 2719 ἀναιρησόμεναι
394 2640 430 2700 ταὶ
449 2640 536 2702 ὀστέα
551 2645 606 2702 τῶν
622 2643 702 2718 βοῦν
720 2640 825 2719 οὔνομα
841 2645 878 2721 τῇ
891 2642 959 2705 πόλι
988 2684 995 2699 .

159 2727 342 2809 Ἀτάρβηχις·
356 2733 386 2790 ἒν
396 2728 419 2789 δ’
427 2727 498 2809 αύτῇ
504 2728 675 2807 Ἀφροδίτης
685 2729 744 2807 ἱρόν
754 2729 835 2810 ἅγιον
844 2730 956 2807 ἵδρυται

161 2822 192 2876 ἐκ
208 2817 310 2893 ταύτης
323 2821 374 2893 τῆς
393 2817 494 2880 πόλιος
511 2818 679 2877 πλανέονται
694 2817 808 2887 πολλοὶ,
825 2816 913 2877 ἄλλοι
931 2822 959 2882 ές

160 2903 252 2969 ἄλλας
263 2904 355 2975 πόλις,
369 2904 551 2983 ἀνορύξαντες
563 2904 593 2963 δὲ
607 2904 642 2963 τά
656 2902 743 2964 ὀστέα
755 2902 900 2985 ἀπάγουσι
913 2905 958 2965 καὶ

161 2991 300 3051 θάπτουσι
311 2997 338 3054 ἐς
351 2992 399 3051 ἕνα
411 2996 504 3072 χῶρον
516 2991 626 3053 πάντες.
658 2991 729 3050 κατὰ
741 2990 829 3052 ταύτὰ
839 2992 870 3051 δέ
882 2996 957 3053 τοῖσι

159 3079 249 3154 βουσὶ
269 3079 315 3138 καὶ
334 3078 429 3139 τᾶλλα
451 3078 552 3153 κτήνεα
569 3076 710 3138 θάπτουσι
730 3078 956 3155 ἀποθνήσκοντα·

161 3166 207 3224 καὶ
225 3165 282 3248 γάρ
297 3166 361 3244 περὶ
375 3170 464 3227 ταῦτα
479 3164 550 3224 οὕτω
570 3169 627 3239 σφι
643 3166 867 3244 νενομοθέτηται·
888 3168 956 3229 κτεί·

161 3278 242 3313 υουσι
253 3253 309 3330 γάρ
322 3253 357 3329 δή
370 3252 434 3313 οὐδὲ
445 3255 544 3316 ταῦτα.
