2150 3500
101 83 103 86 ·
151 75 184 124 το
458 76 642 129 ἀυοαοτοτ
934 79 985 144 [1.
1051 68 1053 147 g

150 155 234 236 μέγα·
255 155 392 221 θύσαντος
408 155 464 239 γάρ
482 157 568 218 αὐτοῦ
587 157 624 219 τά
645 157 699 236 ipa,
713 159 741 218 οἶ
757 159 879 234 λέβητες
902 163 984 218 ε’πε·
1051 162 1053 215 ξ

152 245 278 313 στεῶτες,
288 243 334 302 καὶ
347 248 433 321 κρεῶν
441 271 472 304 τε
485 244 576 310 ε’όντες
589 247 706 323 ἔμπλεοι
715 246 762 306 καὶ
772 244 882 316 ύδοτος,
896 245 982 306 ἄνευ
1051 238 1053 265 Ε

151 329 238 408 πυράς
258 331 364 403 ἔζεσαν,
378 333 424 392 καὶ
440 332 628 411 ύπερέβαλον.
668 335 765 394 Χίλων
784 333 814 392 δὲ
832 333 849 394 ά
869 339 980 394 Λακε-
1051 358 1053 407 ξ

152 417 292 496 δαιμόνιος
307 419 473 499 παρατυχιδν
490 420 536 480 καὶ
550 419 722 500 θεησάμενος
733 420 768 482 τδ
779 421 863 498 τέρας
879 446 978 482 συνε-

151 507 274 584 βούλευε
290 506 469 585 Ἱπποκράτεϊ
483 512 581 586 πρῶτα
597 513 650 587 μὲν
665 509 978 590 γυναῖκατεκνοποιόν

152 593 193 672 μὴ
206 593 325 677 ἄγεσθαι
338 601 366 659 ές
378 594 415 655 τά
427 597 508 667 οἰκία,
522 601 547 657 εἰ
563 597 593 657 δὲ
605 595 737 678 τυγχάνει
752 598 830 676 έχων,
844 595 976 675 δεύτερα

151 681 204 759 τὴν
222 686 340 765 γυναῖκα
359 684 517 762 ἐκπέμπειν·
538 685 586 745 καὶ
604 686 690 749 εἴτις
709 687 738 744 οἱ
754 682 888 765 τυγχάνει
909 683 974 746 εἰδν

125 774 128 782 ’
153 773 227 840 παῖς,
245 775 345 832 τοῦτον
362 770 547 834 άπείποσθαι·
568 771 658 833 σύκων
671 777 760 832 ταῦτα
772 772 972 848 παραινέσαν·

152 884 201 922 τος
229 860 357 923 Χίλωνος
385 860 533 920 πείθεσθαι
563 861 658 922 θέλειν
686 859 738 920 τόν
761 859 969 937 Ἱπποκράτεα,
1051 910 1052 915 ,

151 945 284 1027 γενέσθαι
304 950 332 1007 οἱ
350 947 423 1024 μετά
441 951 529 1008 ταῦτα
549 947 599 1009 τόν
619 949 829 1026 Πεισίστρατον
847 951 968 1008 τοῦτον·
1051 940 1052 949 ¹

153 1033 192 1104 ὃς,
201 1032 409 1105 στασιαζόντων
420 1039 476 1096 τῶν
488 1037 623 1114 παράλων
632 1036 679 1096 καὶ
690 1040 746 1098 τῶν
756 1041 786 1096 έκ
798 1039 849 1096 τού
861 1035 967 1096 πεδίου
1051 1114 1052 1117 ¹

152 1121 314 1199 Ἀθηναίων,
328 1123 376 1182 καὶ
390 1123 446 1200 τῶν
456 1125 509 1201 μὲν
523 1129 714 1203 προεστεῶτος
727 1123 895 1205 Μεγακλέος
907 1127 966 1184 τοῦ

152 1207 350 1288 Ἀλκμαίωνος,
363 1215 419 1273 τῶν
438 1212 469 1272 δὲ
485 1217 516 1274 έκ
532 1217 583 1275 τοῦ
598 1213 694 1273 πεδίου
707 1209 870 1293 Λυκούργου
881 1209 964 1289 Ἀρι·
1051 1206 1052 1215 ’

154 1298 316 1370 στολαΐδεω,
330 1299 549 1377 καταφρονήσας
560 1299 613 1377 την
624 1300 780 1378 τυραννίδα,
792 1297 888 1380 ἤγειρε
899 1301 963 1375 τρί-

153 1411 205 1463 την
221 1386 334 1448 στάσιν.
375 1389 516 1458 συλλέξας
535 1389 565 1448 δὲ
582 1388 750 1458 στασιύτος,
764 1387 812 1447 καὶ
828 1386 962 1468 τῷλόγῳ

154 1478 210 1535 τῶν
221 1474 393 1554 ύπερακρίων
404 1476 539 1554 προστάς,
552 1480 712 1556 μηχανᾶται
727 1473 828 1536 τοιάδε·
847 1499 961 1552 τρωμα-

152 1567 234 1630 τίσας
252 1562 352 1626 ἑωυτόν
368 1591 401 1627 τε
418 1565 464 1626 καὶ
481 1563 620 1642 ἡμιόνους,
634 1562 729 1640 ἤλασε
743 1567 771 1626 ές
785 1562 838 1638 τὴν
850 1561 961 1644 ἀγορήν

154 1653 188 1714 τό
204 1654 300 1734 ζεύγος
315 1651 351 1716 οἷς
369 1651 545 1734 ἔκπεφευγσδς
560 1651 625 1715 τούς
638 1650 761 1732 ἐχθρούς,
775 1650 806 1710 οἵ
815 1675 865 1727 μιν
876 1649 959 1710 ἐλού-

153 1768 237 1803 νοντα
250 1748 277 1805 ἔς
294 1741 381 1824 οἷγρδν
393 1740 540 1819 ἠθέλησαν
556 1739 697 1808 ,ἀπολέσαι
709 1738 803 1816 δῆθεν·
824 1737 913 1799 ἐδέετό
923 1764 958 1800 τε

153 1834 205 1890 τοῦ
221 1829 309 1906 δήμου
329 1833 459 1908 φυλακῆς
474 1828 551 1893 τινδς
562 1828 634 1908 πρός
646 1828 731 1889 αὐτοῦ
745 1830 875 1905 κυρῆσαι,
888 1826 956 1905 πρό-

154 1942 236 1995 τερον
256 1916 440 1994 εὐδοκιμήσας
462 1922 492 1978 έν
509 1922 547 1997 τῇ
566 1916 637 1995 πρός
657 1917 805 1997 Μεγαρέας
822 1914 957 1997 γενομένῃ

155 2006 318 2087 στρατηγίῃ,
331 2004 457 2066 Νίσαιάν
473 2030 505 2066 τε
522 2004 593 2066 ἑλαδν
606 2005 652 2064 καὶ
664 2003 742 2063 όλλα
754 2001 955 2079 ἀποδεξάμενος

154 2092 267 2176 μεγάλα
283 2095 360 2175 ἔργα·
380 2092 397 2153 ό
411 2094 441 2154 δὲ
454 2094 542 2171 δῆμος
554 2093 571 2154 ά
584 2096 640 2153 τῶν
655 2090 810 2168 Ἀθηναίων
822 2090 954 2167 ἐξαπατη-

154 2182 220 2252 θεὶς,
239 2182 321 2242 ἔδωκέ
333 2184 361 2242 οἱ
378 2186 434 2243 τῶν
446 2180 542 2242 οἰστῶν
555 2181 709 2251 καταλέξας
720 2178 821 2256 ἄνδρας
832 2176 951 2242 τούτους·

155 2270 182 2330 οἳ
202 2270 354 2348 δορυφόροι
368 2272 420 2348 μὲν
441 2268 491 2330 ούκ
509 2270 635 2351 ἐγένοντο
651 2265 861 2345 Πεισιστράτου
877 2291 952 2343 κορυ-

153 2358 274 2435 νηφόροι
292 2358 333 2418 δέ·
356 2356 446 2427 ξύλων
461 2357 518 2439 γάρ
540 2356 657 2434 κορύνας
674 2357 783 2435 ἔχοντες
801 2353 951 2415 εἶποντόοῖ

154 2446 266 2509 ὄπισθε
286 2444 545 2509 συνεπαναστάντες
556 2445 587 2505 δὲ
599 2443 676 2506 οὗτοι
688 2443 748 2522 ἅμα
759 2441 952 2524 Πεισιστράτῳ

155 2538 242 2616 ἔσχον
254 2535 306 2611 τὴν
316 2533 480 2611 άκρότολιν.
513 2534 580 2595 ἔνθα
592 2534 626 2610 δη
639 2533 656 2595 ὁ
669 2528 877 2611 Πεισίστρατος
885 2530 949 2611 ἦρχε

154 2623 315 2699 Ἀθηναίων,
330 2622 394 2683 οὔτε
413 2619 497 2699 τιμάς
514 2621 565 2686 τὰς
585 2620 686 2687 ἐούσας
705 2618 879 2699 συνταράξας
891 2617 948 2679 ούτε

155 2712 260 2789 θέσμια
271 2709 458 2789 μεταλλάξας·
483 2711 531 2771 ε’πί
547 2736 579 2771 τε
591 2714 668 2772 τοῖσι
688 2712 859 2779 κατεστεῶσι
879 2708 948 2785 ένεμι

111 2799 207 2876 6οτἦν
225 2798 319 2870 πόλιν,
333 2800 461 2877 κοσμέων
478 2802 571 2862 καλῶς
586 2824 618 2859 τε
635 2798 682 2858 καὶ
697 2797 737 2857 εύ.
777 2795 860 2857 Meni
875 2795 903 2855 δὲ
916 2794 947 2855 ού

154 2887 267 2949 πολλάν
281 2887 384 2967 χρόνον
400 2886 488 2948 τύυτδ
505 2885 698 2965 φρονήσαντες
709 2885 741 2945 οἶ
753 2909 786 2946 τε
796 2888 848 2944 τοῦ
860 2890 946 2964 Μεγα-

155 2976 241 3041 κλέως
259 2979 417 3036 στασιῶται
430 2975 476 3033 καὶ
489 2976 516 3034 οἱ
528 2977 580 3033 τοῦ
592 2972 763 3053 Λυκούργου,
777 2969 949 3041 ἐξελαύνουσί

155 3090 213 3142 μιν.
238 3063 309 3123 οὕτω
315 3065 367 3139 μὲν
375 3062 583 3137 Πεισίστρατος
592 3060 659 3137 ἔσχε
667 3057 700 3118 τὸ
709 3062 819 3135 πράντον
827 3055 945 3132 Ἀθήνας,

156 3152 202 3211 καὶ
227 3150 279 3225 τὴν
302 3148 450 3227 τυραννίδα
474 3144 546 3206 ούκω
569 3144 656 3222 κάρτα
679 3144 861 3222 ἐρριζωμένην
885 3144 946 3223 έχων
1001 3186 1005 3193 -

156 3236 294 3315 ἀπέβαλε·
314 3238 341 3297 οἶ
353 3236 384 3296 δέ
402 3230 585 3305 ἐξελάσαντες
601 3233 818 3310 Πεισίστρατον,
831 3230 903 3296 αὖτις
917 3236 946 3293 έκ

1051 2393 1053 2466 λ

1051 2473 1052 2524 λ

1051 2609 1053 2666 λ

1051 2675 1053 2722 λ

1051 2969 1052 3008 ι
