2150 3500
121 98 261 164 130-134]
406 101 637 151 ’ΜΙδλλΠΟΜΕλἬΙ
873 106 920 154 333

159 179 198 240 ‘H
217 180 247 239 δέ
261 179 388 245 Σκυθέων
400 181 452 257 μία
471 185 558 258 μοῖρα
574 180 594 257 ἤ
612 182 752 261 ταχθεῖσα
765 176 902 260 πρότερον
912 186 969 244 133

118 271 172 346 μὲν
184 269 263 347 παρὰ
275 269 328 345 τήν
340 274 465 345 Μαιῆτιν
477 273 581 346 λίμνην
596 271 741 348 φρουρέειν
753 271 818 332 τότε
831 272 860 331 δὲ
875 272 921 330 ἐπὶ

118 357 295 436 τδνἸστρον
306 356 388 418 Ἴωσι
406 362 434 422 ἐς
451 357 555 439 λόγους
575 359 676 429 ἐλθεῖν,
691 359 726 423 ὥς
747 358 863 420 α’πίκετο
877 361 923 419 ἐπὶ

118 445 172 522 την
183 447 311 527 γέφυραν
324 448 404 527 ἐλεγε
415 446 492 507 τάδε·
513 457 531 482 “
539 445 636 524 ἅνδρες
646 446 748 518 Ἴωνες,
763 447 922 524 ἐλευθερίην

117 533 186 611 ύμῖν
200 534 305 612 ἥκομεν
321 536 461 612 φέροντες,
477 533 565 613 ἤνπερ
578 560 612 615 γε
632 535 748 611 ἐθέλητε
765 534 921 595 ἐσακούειν.

118 622 318 699 πυνθανόμεθα
337 622 393 704 γάρ
418 626 538 700 Δαρεῖον
566 623 744 684 ἐντείλασθαι
764 622 838 701 ύμῖν,
860 622 919 700 ἑξή-

120 736 206 770 κοντα
225 710 332 789 ἡμέρας
349 710 455 788 μούνας
482 709 698 788 φρουρήσαντας
716 711 769 787 την
787 712 922 792 γέφυραν,

120 798 207 859 αὐτοῦ
219 798 260 876 μὴ
274 800 498 880 παραγινομένου
512 804 542 858 ἐν
559 798 646 878 τούτῳ
659 802 697 877 τῷ
718 797 817 877 χρόνῳ,
832 798 922 858 οῖπαλ·

119 889 287 948 λα’σσεσθαι
313 892 341 952 ἐς
363 887 415 962 τήν
438 886 584 963 ύμετέρην·
618 889 667 946 νῦν
694 885 731 946 ὧν
754 886 832 963 ύμεῖς
857 887 924 946 τάδε

119 979 268 1045 ποιεῦντες,
296 974 375 1038 ἐκτδς
400 976 453 1052 μὲν
479 975 582 1034 ἔσεσθε
608 974 679 1052 πρός
705 974 809 1034 ἐκείνου
836 975 925 1050 αἰτίης

121 1062 200 1126 ἐκτός
212 1063 243 1122 δέ
255 1061 327 1140 πρδς
339 1062 442 1140 ἡμέων·
458 1063 509 1125 τάς
521 1062 705 1140 προκειμένας
717 1060 823 1138 ἡμέρας
835 1086 923 1137 παρα-

120 1152 262 1227 μείναντες
286 1150 321 1212 τδ
345 1149 402 1211 οἷπδ
425 1149 526 1211 τούτου
553 1149 806 1210 άπαλλάσσεσθε.”
847 1146 924 1210 οὗτοι

120 1239 172 1315 μέν
187 1265 244 1309 νυν,
257 1239 466 1316 ύποδεξαμένων
483 1236 583 1299 Ἰιύνων
603 1237 733 1314 ποιήσειν
753 1241 849 1307 ταῦτα,
863 1236 924 1298 όπί-

120 1353 164 1387 σω
175 1328 229 1402 την
241 1329 380 1408 ταχίστην
392 1327 548 1406 ἐπείγοντο.

162 1417 296 1494 Πέρσησι
311 1416 349 1485 δὲ,
366 1414 438 1493 μετοὶ
455 1414 491 1474 τά
509 1415 585 1491 δῶρα
599 1413 635 1473 τοὶ
651 1411 771 1474 ἐλθόντα
785 1412 903 1493 Δαρείῳ,
914 1414 971 1472 134

120 1503 334 1584 ἀντετάχθησαν
361 1507 389 1564 οἶ
414 1503 633 1579 ὑπολειφθέντες
661 1501 766 1566 Σκύθαι
786 1501 859 1580 πεζῷ
879 1501 925 1559 καὶ

122 1593 244 1661 ἵπποισι,
261 1592 297 1656 ιύς
317 1592 541 1669 συμβαλέοντες.
582 1591 778 1670 τεταγμένοισι
799 1589 828 1648 δὲ
848 1591 925 1649 τοῖσι

123 1680 251 1759 Σκύθησι
263 1680 351 1762 λαγος
365 1679 437 1744 ἐς
404 1706 438 1740 το
451 1681 542 1758 μέσον
552 1679 637 1759 διῇξε·
651 1683 707 1739 τῶν
717 1676 782 1737 δέ
761 1704 796 1741 ως
809 1678 924 1736 ἔκαστοι

122 1768 208 1846 ὥρεον
219 1768 270 1829 τόν
282 1769 373 1850 λαγδν
387 1770 508 1829 ἐδίωκον·
528 1769 723 1847 ταραχθέντων
740 1756 823 1826 δέ
784 1792 840 1826 των
854 1766 923 1829 Σκυ-

122 1858 192 1917 θέων
218 1857 264 1916 καὶ
290 1859 350 1935 βοῇ
376 1858 547 1935 χρεωμένων,
574 1857 663 1933 εἴρετο
688 1856 704 1915 ὁ
728 1858 846 1932 Δαρεῖος
867 1856 922 1914 τῶν

122 1944 327 2021 ἀντιπολεμίων
339 1945 388 2004 τόν
402 1944 535 2020 θόρυβον
556 1942 713 2018 πυθόμενος
725 1942 757 2001 δέ
770 1949 863 2018 σφεας
875 1940 925 2000 τόν

122 2033 214 2113 λογον
230 2031 428 2101 διιύκοντας,
402 2056 462 2089 ειπε
479 2028 534 2107 ἄρα
554 2029 625 2105 πρός
645 2028 769 2104 τούσπερ
784 2028 923 2087 ἐώθεε
879 2054 925 2087 και

122 2146 158 2180 τα
150 2120 250 2179 ἄλλα
263 2120 365 2201 λέγειν
380 2129 398 2154 “
407 2116 485 2177 οὗτοι
498 2116 629 2194 ὧνδρες
610 2117 703 2192 ημέων
716 2114 829 2175 πολλόν
842 2140 924 2174 κατα-

123 2210 286 2285 φρονέουσι·
320 2207 370 2266 καί
392 2232 442 2283 μοι
463 2209 512 2265 νῦν
536 2205 665 2280 φαίνεται
685 2200 876 2314 Γωβρύης’
850 2227 925 2261 ειπαι

123 2298 188 2374 περὶ
200 2323 255 2357 των
269 2296 412 2361 Σκυθικῶν
428 2294 521 2371 διόρων
534 2290 633 2369 ὀρθῶς
675 2289 711 2354 ὥς
725 2290 761 2351 ὧν
775 2289 860 2351 οὕτως
873 2289 926 2365 ἤδη

124 2384 275 2445 δοκεόντων
295 2384 342 2443 καὶ
362 2382 436 2462 αύτῷ
454 2408 504 2459 μοι
525 2382 607 2459 ἐχειν,
627 2381 737 2457 βουλῆς
757 2377 866 2459 άγαθῆς
886 2381 929 2437 δεῖ

125 2472 195 2536 ὅκως
216 2472 371 2550 α’σφαλέως
394 2471 413 2547 ἦ
434 2468 540 2584 κομιδή
562 2468 630 2581 ἡμῖν
654 2468 734 2527 ἐσται
754 2466 787 2527 τό
809 2463 928 2526 ὀπίσω.”

123 2561 194 2673 πρός
206 2587 294 2622 ταυτα
307 2558 484 2669 Γωβρύης
457 2584 527 2617 ειπε·
544 2568 561 2593 “
572 2584 592 2616 ω
577 2556 767 2634 ’βασιλεῦ,’
754 2582 808 2636 εγω
800 2554 926 2633 σχεδον

123 2652 176 2727 μὲν
196 2651 242 2710 καὶ
267 2648 383 2731 λύγρ’
364 2646 529 2726 ηπιστάμην
549 2645 653 2707 τούτων
673 2648 729 2705 τῶν
749 2641 909 2721 ἀνδρῶν
874 2668 927 2719 την

124 2735 253 2825 ἀπορίην,
267 2737 357 2798 ἐλθων
377 2738 408 2797 δέ
426 2738 575 2815 μολλον’
563 2760 576 2792 ε
577 2732 737 2809 ξέμαθον,”
721 2732 807 2809 ορέων
827 2729 927 2792 αύτους

125 2818 340 2899 ἐμπαίζοντας’
321 2830 398 2936 ημῖν.
435 2827 485 2885 νῦν
497 2849 534 2883 ων
547 2846 597 2931 μρι
610 2821 733 2889 δοκέει,’
721 2843 791 2893 επην
803 2816 926 2895 τάχιστα

127 2910 178 2980 νύξ
197 2911 346 2991 ἐπέλθηᾙ
333 2911 517 2973 εκκαύσαντες
542 2908 578 2969 τοὶ
604 2933 679 2985 πυρα
670 2905 735 2969 οἷς
756 2930 802 2963 και
791 2901 928 2963 άλλοτε

126 2998 251 3076 ἐωθομεν
270 2999 381 3071 ποιέειν,
396 3003 452 3061 τῶν
468 2998 658 3076 στρατιωτέων
673 3019 739 3057 τους
757 2990 927 3052 ἀσθενεστά-

126 3113 191 3152 τους
217 3092 245 3152 ἐς
269 3113 320 3151 τας
338 3089 528 3165 ταλαιπωρίας
548 3083 776 3160 ἐξαπατήσαντας
797 3079 843 3139 καὶ
863 3078 927 3143 τούς

126 3175 207 3241 ὄνους
218 3176 326 3240 πάντας
329 3168 558 3251 καταδήσαντας,
574 3169 819 3233 ἀπαλλάσσεσθαι
831 3165 897 3245 πρὶν
909 3164 928 3243 ἢ

127 3291 174 3323 και
196 3266 242 3324 ἐπὶ
262 3264 312 3325 τόν
329 3263 445 3340 Ιστρον
467 3264 563 3322 ἰθῦσαι
584 3260 693 3326 Σκύθας
714 3256 854 3318 λύσοντας
876 3280 928 3330 την
