2150 3500
170 79 202 132 το
476 75 661 128 Ηνοιοποπ
940 69 978 136 [L

171 156 365 224 κατασκόπους
381 161 437 218 τῶν
451 182 483 218 τε
500 155 598 233 Κύρου
612 152 784 267 πρηγμάτων
799 151 867 212 ταδ’
868 152 979 228 Ιωνίης·

171 243 334 322 ἀπικόμενοι
352 242 430 304 δέ
398 271 475 305 ουτοι
491 249 518 307 ἐς
536 242 702 313 Φῶκαιαν,”
688 265 812 319 επεμπον
825 245 854 302 ἐς
872 238 979 316 Σάρδις

171 332 268 409 σφέων
288 331 377 393 αὐτῶν
396 331 446 392 τόν
466 330 716 408 δοκιμώτατον,
679 356 717 408 τῳ
736 327 843 404 οὕνομα
862 326 900 403 ἦν
917 334 979 386 Λα-

172 421 273 497 κρίνης,
287 418 441 497 ἀπερέοντα
454 418 537 498 Κύρῳ
551 389 775 495 Λακεδαιμονίων
787 419 881 493 ῥῆσιν,
897 420 980 496 “yffi

171 511 222 582 τῆς
233 507 372 571 Ἑλλάδος
384 507 522 584 μηδεμίαν
534 506 621 566 πόλιν
633 504 822 581 σιναμωρέειν,
837 502 874 566 ῶς
884 501 979 563 αὐτῶν

125 597 183 656 153
193 595 225 655 ού
244 593 481 673 περιοψομένων.”
513 598 609 655 Ταῦτα
629 591 753 668 εἰπόντος
774 595 825 650 τοῶ
846 591 977 668 κήρυκος,
1054 616 1056 633 ¹

172 683 285 765 λέγεται
303 689 398 761 Κῦρον
414 683 576 759 ἐπείρεσθαι
586 680 652 745 τούς
663 679 817 758 παρεόντας
829 683 857 738 οἶ
869 679 978 756 Ἑλλή-

172 796 225 832 νων
238 781 256 806 “
263 771 334 833 τίνες
347 771 437 834 ἐόντες
455 769 596 847 ἅνθρωποι
609 766 822 845 Λακεδαιμόνιοι
832 767 879 826 καὶ
892 766 979 829 κόσοι

171 859 290 933 πλῆθος,
297 861 386 918 ταῦτα
398 861 487 937 ἑωυτῷ
499 855 750 939 προαγορεύουσι;”
765 853 979 932 πυνθανόμενον

172 945 204 1004 δέ
214 971 263 1022 μιν
276 949 362 1006 εἰπεῖν
374 945 445 1024 πρδς
456 945 506 1006 τῶν
520 945 626 1023 κήρυκα
637 943 687 1005 τῶν
700 942 889 1022 Σπαρτιήτην·
904 943 978 1004 “ούκ

173 1032 267 1092 ἐδεισά
277 1057 315 1091 κω
326 1031 427 1110 ἀνδρας
437 1033 589 1103 τοιούτους,
596 1037 674 1092 τοῖσι
683 1031 746 1092 ἐστὶ
754 1035 846 1110 χῶρος
859 1035 889 1092 ἐν
897 1031 978 1110 μέσῃ

171 1124 207 1199 τῇ
221 1119 302 1181 πόλει
316 1119 542 1203 ἀποδεδεγμένος,
556 1125 584 1184 ἐς
598 1119 648 1181 τόν
661 1118 868 1233 συλλεγόμενοι
885 1119 978 1196 ἀλλή·
1054 1184 1056 1194 ¹

173 1207 270 1271 λονς’
254 1213 386 1285 ομοῶντες
401 1209 571 1279 ἐξαπατῶσι·
591 1211 677 1280 τοῖσι,
690 1206 726 1285 ἢν
739 1207 793 1289 ε’γιδ
805 1206 978 1288 υγιαίνω,ου

172 1296 209 1356 τοὶ
223 1294 321 1359 Ἰύνων
339 1296 466 1358 πάθεα”
452 1322 531 1357 εσται
551 1297 686 1375 ἔλλεσχα,
705 1294 782 1355 ἀλλά
800 1295 838 1355 τά
856 1294 978 1372 οέκήῖα.”

173 1389 261 1445 ταῦτα
281 1391 309 1448 ἐς
327 1383 393 1448 τούς
412 1384 518 1448 πάντας
531 1383 677 1460 Ἕλληνας
693 1382 865 1462 ἀπέρριψ’
848 1410 865 1442 ο
881 1387 978 1460 Κῦρος
1054 1439 1056 1451 ,

173 1471 210 1532 τά
230 1472 305 1543 ἔπεα,
323 1471 366 1532 ὅτι
385 1471 490 1553 ἀγοράς
507 1471 678 1549 κτησόμενοι
695 1470 752 1550 ῶνῇ
763 1496 795 1531 τε
808 1471 855 1531 καὶ
870 1471 979 1548 πρήσει

172 1559 317 1636 χρέωνται·
331 1557 411 1619 αὐτοὶ
420 1559 475 1640 γάρ
489 1563 516 1619 οἱ
529 1560 643 1637 Πέρσαι
651 1559 773 1641 ἀγορῇσι
783 1557 862 1618 ούδέν
870 1558 978 1620 ἐύθασι

172 1647 307 1724 χρῆσθαι,
329 1645 394 1706 ούδέ
412 1647 471 1723 σφί
488 1652 551 1708 ἐστι
567 1646 601 1708 τό
617 1646 751 1726 παράπαν
771 1645 870 1728 ἀγορή.
902 1647 978 1723 μετά

172 1738 261 1795 ταῦτα
276 1735 425 1817 ἐπιτρέψας
437 1734 488 1799 τάς
500 1738 552 1814 μέν
561 1734 663 1815 Σάρδις
675 1733 800 1814 Ταβάλῳ
812 1733 893 1812 ἀνδρὶ
901 1735 977 1814 Πέρ-

175 1846 222 1901 σῃ,
232 1823 280 1883 τόν
293 1824 323 1883 δέ
334 1824 443 1903 χρυσῶν
454 1824 544 1885 τόντε
557 1825 685 1903 Κροίσου
699 1823 808 1885 καὶτῶν
816 1828 872 1884 τῶν
879 1824 977 1885 ἀλλων
1054 1843 1055 1886 i

174 1910 272 1971 Λυδῶν
282 1911 399 1992 Πακτύῃ
412 1912 491 1991 ἀνδρὶ
503 1913 585 1991 Λυδῷ
598 1913 727 1989 κομίζειν,
736 1910 881 1988 ἀπήλαυνε
893 1910 977 1975 αύτδς
1054 1919 1055 1926 “

176 2002 203 2061 ἐς
211 1996 388 2080 Ἂγβάτανα,
398 2000 524 2079 Κροῖσόν
531 2026 563 2061 τε
572 1998 632 2078 ἀμο
642 1998 779 2081 ἀγόμενος
788 1999 834 2059 καὶ
842 1998 908 2063 τούς
915 1999 976 2060 Ἴω-

175 2112 224 2150 νας
234 2092 264 2149 ἐν
272 2088 360 2149 οὐδενὶ
367 2089 443 2170 λόγῳ
451 2087 641 2166 ποιησάμενος
648 2087 700 2163 τήν
707 2086 819 2164 πρύτην
827 2086 906 2148 εἶναι·
919 2086 939 2163 ἦ
945 2114 976 2149 τε

174 2176 230 2255 γάρ
244 2175 385 2255 Βαβυλάν
398 2181 425 2237 οἷ
437 2176 472 2253 ἦν
486 2175 623 2254 ἐμπόδιος,
639 2176 685 2233 καὶ
694 2174 728 2235 τό
737 2174 880 2253 Βάκτριον.
889 2175 974 2245 ἔθνος,
1054 2171 1055 2226 ἷ

177 2264 222 2322 καὶ
232 2264 320 2328 Σάκαι
327 2290 358 2323 τε
369 2265 415 2323 καὶ
423 2264 581 2343 Αἰγύπτιοι·
590 2262 633 2321 ἐπ’
641 2262 689 2325 οὓς
698 2262 807 2343 ἐτείχεε
817 2267 975 2340 στρατηλα-

176 2350 247 2410 τέειν
260 2350 348 2420 αύτδς,
364 2352 410 2409 ἐπὶ
424 2350 453 2409 δέ
461 2350 559 2412 Ἴωνας
571 2349 662 2410 ἄλλον
673 2350 794 2428 πέμπειν
806 2350 974 2432 στρατηγόν.

131 2438 188 2495 154
237 2438 285 2501 Ὡς
305 2438 335 2495 δὲ
354 2436 488 2514 ἀπήλασε
504 2436 520 2497 ό
537 2441 632 2515 Κῦρος
650 2442 681 2497 ἐκ
695 2442 751 2498 τῶν
766 2437 899 2514 Σαρδίων,
912 2437 975 2502 τούς
1054 2460 1056 2484 ῑ

177 2524 284 2587 Λυδούς
304 2522 449 2600 ἀπέστησε
465 2524 482 2585 ό
501 2523 634 2601 Πακτύης
652 2524 709 2585 ἀπό
725 2550 758 2585 τε
774 2524 913 2601 Ταβάλου
929 2525 975 2585 καὶ

178 2612 284 2691 Κύρου·
306 2612 432 2689 καταβάς
450 2612 480 2673 δέ
496 2614 543 2675 ἐπὶ
561 2612 722 2684 θάλασσαν,
739 2610 789 2673 ἀπε
805 2611 856 2673 τῶν
867 2612 975 2691 χρυσόν

178 2703 246 2781 ἔχων
259 2699 350 2761 πάντα
366 2699 416 2761 τόν
429 2705 460 2760 ἐκ
476 2706 532 2762 τῶν
547 2702 679 2779 Σαρδίων,
694 2699 854 2777 ἐπικούρους
871 2725 904 2759 τε
919 2705 974 2778 ἐμι-
1054 2705 1055 2716 ’

177 2790 283 2850 σθοῶτο
303 2789 350 2848 καὶ
369 2788 434 2852 ταῶς
454 2790 676 2851 ἐπιθαλασσίους
701 2786 863 2864 ἀνθρώπους
885 2788 975 2848 ἔπειθε

180 2877 234 2938 σύν
247 2881 335 2957 ἐαυτῷ
351 2877 564 2954 στρατεύεσθαι·
585 2873 692 2938 ἐλάσας
707 2875 737 2934 δέ
754 2876 800 2933 ἐπὶ
811 2873 863 2937 τάς
875 2874 975 2951 Σάρδις

179 2964 340 3043 ἐπολιόρκεε
359 2963 495 3040 Τάβαλον
515 2962 690 3043 ἀπεργμένον
709 2967 739 3021 ἐν
758 2966 795 3039 τῇ
813 2960 974 3037 ἀκροπόλει.

134 3054 190 3114 155
199 3052 362 3129 Πυθόμενος
380 3052 410 3112 δέ
426 3050 484 3111 κατ’
501 3048 567 3110 ὁδῶν
583 3047 703 3109 ταῦταὸ
719 3053 821 3125 Κῦρος,
836 3048 896 3107 εἶπε
908 3048 975 3126 πρός

179 3143 307 3218 Κροῖσον
329 3138 405 3200 τάδε·
437 3147 455 3174 “
464 3140 581 3215 Κροῖσε,
601 3135 633 3195 τί
656 3135 736 3195 ἔσται
757 3135 791 3195 vo*
816 3136 975 3199 τέλοςτῶν

178 3227 329 3305 γινομένων
346 3224 451 3288 τούτων
475 3225 555 3301 ἐμοῖς
584 3221 618 3284 ού
638 3219 796 3285 παύσονται
819 3222 916 3292 Λυδοὶ,
939 3222 975 3288 ῶς
