2150 3500
95 118 205 184 29-32]
440 122 574 171 οιιιυικ.
848 126 896 173 215

92 196 130 273 ἦν
142 201 169 259 οἱ
185 196 256 276 οἶνῇρ
275 199 410 277 Περσέων
425 198 605 270 πιστότατος,
624 194 826 262 ἀποκτενέοντά
837 226 896 278 μιν·

93 284 161 344 ὁδὲ
183 283 294 361 α’ναβάς
314 291 342 350 ἐς
362 288 459 352 Σοῦσα
480 287 622 348 οἶπέκτεινε
643 288 770 368 Σμέρδιν,
798 290 825 347 οἶ
844 290 897 365 μέν

93 372 212 453 λέγουσι
232 372 275 432 ἐπ’
295 372 384 455 ἅγρην
403 373 584 456 ἐξαγαγόντα,
604 378 631 437 οἶ
649 376 686 447 δὲ,
704 381 732 439 ἐς
746 373 799 452 τῇν
815 374 895 453 Ἐρυ-

93 459 164 537 θρὴν
177 460 331 523 θάλασσαν
343 462 564 545 προσαγαγόντα
577 467 800 523 καταποντῶσαι.

134 550 253 625 Πρῶτον
277 551 330 626 μὲν
356 548 390 625 δὴ
412 552 530 631 λέγουσι
551 550 699 630 Καμβύσῃ
721 554 777 611 τῶν
803 553 938 611 κακῶν31

91 632 176 711 άρξαι
188 639 282 696 τοῦτο.
320 636 433 715 δεύτερα
447 638 477 697 δὲ
491 636 664 720 ἐξεργάσατο
676 636 729 715 πῇν
742 636 892 714 άδελφεῇν,

92 724 284 801 ἐπισπομένην
301 727 330 784 οἱ
350 730 378 788 ἐς
397 725 548 805 Αἴγυπτον,
569 728 605 804 τῇ
626 724 672 783 καὶ
692 726 826 786 συνοίκεε·
847 725 894 785 καὶ

90 807 128 885 ἦν
141 813 169 869 οἱ
181 809 228 870 ἅτ’
242 810 409 889 ἀμφοτέρων
426 812 562 889 ἀδελφεή·
583 813 669 893 ἔγημε
687 813 717 873 δέ
730 812 817 889 αύτῇν
832 811 892 872 ὧδε·

91 896 219 975 οὐδαμῶς
244 898 299 981 γοῖρ
326 899 449 959 ἐώθεσαν
477 899 615 978 πρότερον
639 902 710 980 τῇσι
735 900 910 979 α’δελφεῇσι·

90 986 245 1045 συνοικέειν
270 987 392 1064 Πέρσαι·
432 985 546 1065 ἠράσθη
571 990 639 1064 μιῆς
666 990 722 1047 τῶν
748 986 893 1064 ἀδελφεῶν

90 1073 263 1153 Καμβύσης,
292 1074 339 1133 καὶ
365 1075 460 1135 ἔπειτα
487 1074 665 1151 βουλόμενος
690 1073 777 1151 αύτῇν
802 1080 892 1155 γῆμαι

90 1158 149 1241 (ότι
168 1160 219 1222 ούκ
240 1161 346 1224 ἐωθότα
367 1161 477 1224 ἐπενόεε
496 1162 638 1243 ποιήσειν)
660 1161 748 1239 ε’ίρετο
769 1164 893 1226 καλέσας

88 1246 156 1312 τούς
167 1249 338 1325 βασιληίους
351 1248 485 1314 δικαστάς
503 1250 529 1309 εἴ
541 1251 584 1313 τίς
603 1255 666 1311 ἐστι
684 1247 795 1309 κωλύων
808 1249 893 1326 νόμος

87 1333 142 1395 τόν
152 1336 329 1413 βουλόμενον
339 1337 466 1415 ἀδελφεῇ
479 1336 649 1406 συνοικέειν;
666 1338 693 1395 οἶ
703 1335 733 1395 δὲ
741 1335 892 1411 βασιλήῖοι

89 1422 222 1484 δικασταὶ
237 1425 393 1501 κεκριμένοι
407 1424 503 1502 ἄνδρες
519 1425 644 1505 γίνονται
661 1423 803 1501 Περσέων,
817 1428 845 1486 ἐς
858 1419 891 1481 οὗ

89 1509 256 1572 ἀποθάνωσι
273 1511 293 1587 ἤ
313 1518 370 1589 σφι
388 1514 545 1593 παρευρεθῇ
562 1538 592 1573 τι
607 1510 709 1582 ἄδικον,
729 1512 813 1590 μέχρι
829 1508 892 1571 τού-

88 1622 151 1657 του·
173 1596 251 1661 οῶτοι
272 1599 302 1660 δὲ
323 1604 401 1661 τοῖσι
424 1602 559 1680 Πέρσῃσι
581 1600 659 1664 δίκας
680 1599 824 1671 δικάζουσι
844 1597 891 1657 καὶ

90 1684 225 1768 ἐξηγηταὶ
241 1690 296 1750 τῶν
315 1688 438 1768 πατρίων
453 1689 568 1767 θεσμῶν
586 1688 719 1770 γίνονται·
740 1687 786 1748 καὶ
800 1686 892 1748 πάντα

91 1778 122 1838 ἐς
133 1773 248 1840 τούτους
260 1775 418 1838 ἀνακέαται·
439 1771 581 1854 εἰρομένου
596 1775 633 1837 ῶν
649 1779 700 1837 τοῦ
718 1774 892 1853 Καμβύσεω,

88 1861 272 1940 ύπεκρίνοντο
299 1862 373 1944 αύτῷ
399 1861 477 1925 οὗτοι
497 1864 544 1923 καὶ
570 1864 662 1924 δίκαια
682 1864 729 1923 καὶ
748 1863 892 1940 οἷσφαλέα,

91 1949 217 2027 φάμενοι
236 1950 324 2028 νόμον
343 1949 442 2012 ούδένα
462 1951 631 2029 ἐξευρίσκειν
649 1950 681 2013 ὃς
698 1949 797 2009 κωλύει
813 1950 893 2009 ἀδελ-

91 2041 151 2117 φεῇ
166 2039 319 2100 συνοικέειν
330 2038 481 2116 ἀδελφεόν·
502 2038 594 2099 ἄλλον
610 2039 707 2115 μέντοι
722 2038 894 2114 ἐξευρηκέναι

90 2124 189 2203 νόμον,
209 2130 248 2205 τῷ
265 2125 452 2204 βασιλεύοντι
471 2126 605 2204 Περσέων
626 2124 726 2193 ἐξεῖναι
744 2125 848 2183 ποιέειν
859 2123 894 2183 τδ

91 2211 128 2274 ἂν
140 2214 291 2292 βούληται.
318 2213 389 2276 οὕτω
402 2213 466 2274 οὔτε
477 2213 528 2274 τόν
536 2212 625 2289 νόμον
638 2213 744 2272 έλυσαν
754 2211 894 2275 δείσαντες

91 2302 266 2379 Καμβύσεα,
283 2303 328 2364 ἵνα
347 2327 380 2364 τε
399 2302 440 2380 μῇ
460 2301 540 2362 αύτοὶ
559 2299 720 2361 ἀπόλωνται
738 2298 789 2360 τόν
809 2298 896 2375 νόμον

91 2390 328 2468 περιστέλλοντες
346 2390 517 2469 παρεξεῦρον
534 2387 626 2449 ἄλλον
642 2386 729 2465 νόμον
744 2386 897 2466 σύμμαχον

91 2481 132 2558 τῷ
146 2478 257 2538 θέλοντι
269 2479 384 2560 γαμέειν
397 2475 547 2554 ἀδελφεός.
587 2475 654 2537 τότε
668 2478 720 2553 μὲν
736 2474 770 2551 δή
784 2473 801 2535 ό
814 2480 896 2551 Καμ-

92 2565 190 2642 βύσης
203 2566 288 2646 ἔγημε
300 2564 354 2642 τῇν
371 2565 518 2644 ἐρωμένην·
539 2563 611 2642 μετά
626 2565 723 2642 μέντοι
738 2563 772 2625 ού
784 2561 897 2622 πολλῶν

93 2652 198 2732 χρόνον
219 2653 287 2732 ἐσχε
309 2653 404 2730 άλλην
426 2650 578 2729 α’δελφεῇν·
610 2652 729 2713 τουτέων
751 2652 822 2728 δῇτα
843 2648 897 2727 τήν

94 2740 237 2817 νεωτέρην,
265 2740 455 2818 ἐπισπομένην
480 2742 508 2800 οἶ
540 2737 583 2799 ἐπ’
610 2740 762 2821 Αἴγυπτον,
789 2739 897 2798 κτείνει.

93 2825 188 2904 Ἀμφὶ
201 2827 231 2888 δὲ
242 2831 281 2906 τῷ
294 2827 404 2907 θανάτῳ
421 2825 506 2903 αύτῆς
524 2825 607 2898 διξάς,
620 2825 716 2902 ῶσπερ
731 2825 796 2902 περὶ
808 2825 897 2903 Σμέρ
906 2825 945 2884 32

95 2913 163 2985 διας,
182 2916 298 2997 λέγεται
311 2913 408 2997 λόγος.
444 2913 585 2990 Ἕλληνες
601 2915 655 2989 μὲν
673 2913 800 2993 λέγουσι,
817 2917 898 2989 Κομ-

96 2999 192 3078 βύσεα
209 3002 386 3079 συμβαλέειν
404 2999 529 3078 σκύμνον
546 3001 661 3064 λέοντος
677 3000 798 3060 σκύλακι
811 2999 900 3070 κυνός,

98 3087 223 3165 θεωρέειν
243 3090 274 3150 δὲ
294 3091 340 3150 καὶ
359 3088 412 3166 τῇν
430 3091 549 3171 γυναῖκα
567 3086 681 3163 ταύτην·
702 3085 850 3163 νικωμένου
870 3085 901 3143 δὲ

96 3179 149 3236 ταῶ
169 3175 320 3248 σκύλακος,
355 3175 495 3254 ἀδελφεῶν
528 3173 614 3236 αύτοΰ
647 3174 738 3234 ἄλλον
770 3170 901 3231 σκύλακα

98 3257 297 3341 ἀπορρήξαντα
314 3263 365 3325 τόν
384 3263 490 3342 δεσμῶν
508 3262 718 3344 παραγενέσθαι
738 3261 774 3319 οί·
801 3257 851 3319 δύο
871 3257 902 3317 δέ
