2150 3500
195 94 245 143 232
456 126 457 129 =
496 94 679 144 ἨΡΟΔΟΊῸΤ

194 170 356 233 ἀποπίπτει·
375 172 519 254 γυμνωθὲν
535 173 566 231 δὲ
582 172 616 233 τό
633 172 716 249 ξίφος
732 174 809 233 παίει
824 172 878 234 τόν

191 260 392 339 τρωματισθεὶς
408 260 438 319 δὲ
456 259 526 320 κατὰ
539 264 623 320 τοῦτο
642 259 775 338 τῇαὗτός
789 259 932 338 πρότερον
947 258 994 322 τόν

191 350 246 408 τῶν
255 348 413 427 Αἰγυπτίων
427 346 587 407 θεόν”Απιν
599 347 711 423 ἔπληξε,
722 346 757 410 ὥς
769 350 798 407 οἱ
810 350 905 427 καιρίῃ
921 349 994 418 ἔδοξε

192 435 336 511 τετύφθαι,
351 434 438 510 εἴρετο
452 434 467 495 ὁ
481 434 645 511 Καμβύσης
664 434 681 495 ὅ
700 460 729 494 τι
743 439 779 513 τῇ
798 434 870 495 πόλι
889 436 994 513 οὕνομα

193 523 253 599 ε’ίης
274 524 344 583 οἶδὲ
358 523 437 582 εἶπαν
451 521 495 581 ὅτι
506 521 682 603 Ἀγβάτανα·
702 525 741 600 τῷ
758 523 789 582 δὲ
802 524 844 583 ἔτι
858 523 994 602 πρότερον

192 609 324 689 ἐκέχρητο
338 614 368 669 ἐκ
382 612 504 672 Βουτοῦς
516 608 625 678 πόλιος,
640 614 669 669 έν
680 608 889 690 Ἀγβατάνοισι
901 616 994 672 τελευ-

191 696 289 772 τήσειν
313 697 364 758 τόν
389 697 466 773 βίον·
492 695 509 757 ὅ
535 696 649 774 μὲνδὴ
676 701 706 757 έν
731 699 809 757 τοῖσι
837 699 994 774 Μηδιιῖοἳσι

191 782 396 864 Ἀγβατάνοισι
416 784 508 844 ἐδόκεε
527 784 707 860 τελευτήσειν
725 783 851 864 γηραιός,
868 790 899 845 έν
919 787 996 846 τοῖσί

191 874 218 931 οἱ
233 871 269 946 ἦν
284 870 376 932 πάντα
390 871 426 931 τοὶ
445 871 607 953 πρήγματα,
620 871 653 931 τό
674 872 704 930 δὲ
722 870 899 951 χρηστήριον
919 878 994 934 τοῖσι

193 963 222 1019 έν
236 958 548 1039 ΣυρίηἋγβατάνοισι
568 960 648 1040 ἔλεγε
668 957 731 1035 ἄρα·
752 958 799 1017 καὶ
818 958 854 1034 δὴ
876 959 915 1025 οἷς
933 961 995 1022 τότε

192 1047 379 1125 έπειρεόμενος
406 1046 524 1107 ἐπύθετο
543 1048 595 1121 τῆς
614 1045 714 1110 πόλιος
738 1045 773 1105 τό
797 1044 916 1124 οὕνομα,
941 1049 995 1110 ἀπό

191 1138 241 1212 τῆς
254 1139 404 1213 συμφορῆς
421 1138 472 1211 τῆς
484 1160 516 1195 τε
534 1139 565 1193 ἐκ
582 1138 633 1195 τοῦ
647 1134 750 1215 Μάγου
763 1138 996 1217 ἐκπεπληγμένος

192 1222 238 1283 καὶ
257 1227 307 1284 τοῦ
330 1222 473 1301 τρώματος
497 1221 690 1299 ἐσωφρόνησε·
731 1222 893 1298 συλλαβῶν
914 1225 946 1283 δὲ
964 1225 995 1285 τό

192 1311 360 1389 θεοπρόπων
381 1310 450 1370 εἶπε·
477 1320 494 1345 “
504 1311 625 1370 ἐνθαῦτα
645 1308 810 1387 Καμβύσεα
830 1309 884 1371 τόν
900 1312 996 1390 Κόρου

192 1400 253 1459 ἐστὶ
266 1398 445 1477 πεπρωμένον
457 1394 616 1457 τελειπᾶν.”
958 1478 961 1483 ¹

144 1485 181 1543 65
230 1487 300 1547 Τότε
312 1490 363 1563 μὲν
374 1489 509 1563 τοσαῦτα·
529 1484 652 1563 ἡμέρῃσι
668 1484 699 1544 δὲ
715 1482 836 1562 ὕστερον
849 1483 887 1550 ὥς
906 1486 997 1549 εἴκοσι

188 1574 439 1651 μεταπεμψάμενος
449 1573 584 1651 Περσέων
596 1576 652 1633 τῶν
664 1572 823 1649 παρεόντων
835 1573 906 1638 τούς
918 1579 995 1657 λογι·

189 1660 338 1738 μωτάτους,
355 1662 436 1742 ἔλεγέ
451 1667 508 1737 σφι
528 1659 604 1722 τάδε·
625 1659 673 1719 “u’o
696 1660 817 1737 Πέρσαι,
836 1662 996 1723 καταλελά·

187 1750 263 1826 βηκέ
279 1776 316 1827 με
334 1750 368 1810 τό
388 1750 498 1810 πάντων
517 1749 646 1828 μάλιστα
667 1750 802 1827 ἔκρυπτον
821 1751 996 1831 πρηγμάτων

187 1841 269 1898 τοῦτο
284 1843 312 1901 ές
324 1837 409 1915 ὑμέας
427 1841 555 1915 ἔκφῇναι.
597 1837 651 1918 ἐγὼ
664 1836 728 1917 γάρ,
744 1837 795 1898 ε’ὦν
808 1842 838 1897 ἐν
851 1839 995 1919 Αἷγόιπω,

191 1923 263 1986 εἶδον
289 1923 355 2004 ὅφιν
375 1931 404 1986 ἐν
424 1929 462 2004 τῷ
481 1923 558 2003 ὕπνῳ
578 1924 631 2000 τήν
650 1924 767 2002 μηδαμά
787 1923 899 2001 ὄφελον
919 1927 995 1988 ἰδεῖν·

188 2012 298 2074 ἐδόκεον
310 2014 341 2073 δέ
352 2039 402 2091 μοι
415 2012 538 2094 ἄγγελον
551 2011 672 2074 ἐλθόντα
686 2013 717 2082 ἐξ
732 2013 809 2073 οἴκου
829 2012 993 2094 ἀγγέλλειν,

188 2099 223 2164 ὥς
239 2102 358 2180 Σμέρδις
378 2101 502 2178 ἱζόμενος
518 2103 546 2162 ές
564 2098 614 2159 τάν
630 2100 786 2176 βασιλήϊον
805 2100 909 2177 θρόνον
925 2109 992 2179 ψαύ-

187 2213 248 2248 σειε
266 2215 302 2268 τη
323 2193 435 2268 κεφαλῇ
454 2190 505 2248 τοῦ
527 2184 655 2263 οὐρανοῦ·
682 2187 778 2251 δείσας
798 2187 828 2246 δὲ
847 2187 890 2264 μή
912 2188 993 2249 ἀποι·

186 2277 271 2352 ρεθέω
304 2276 356 2353 τὴν
388 2275 479 2355 ἀρχὴν
511 2273 583 2351 πρός
609 2277 661 2334 τοῦ
692 2272 841 2350 ἀδελφεοῦ,
871 2277 993 2352 ἐποίησα

187 2362 356 2441 ταχύτεραῆ
374 2363 534 2440 σοφώτερα·
556 2366 587 2422 έν
603 2388 639 2440 τη
656 2361 712 2444 γάρ
729 2361 892 2441 ἀνθρωπηίῃ
907 2364 993 2440 φύσει

188 2449 237 2509 οὐκ
258 2456 322 2526 ἐνῆν
338 2450 392 2528 ἄρα
408 2450 442 2510 τό
459 2452 571 2526 μέλλον
589 2451 719 2530 γίνεσθαι
735 2448 917 2529 ἀποτρέπειν·
938 2452 992 2532 ey&
1037 2524 1038 2535 γ

188 2537 218 2596 δὲ
244 2535 261 2597 ό
286 2537 412 2614 μάταιος
437 2537 615 2614 Πρηξάσπεα
646 2537 803 2614 ἀποπέμπω
835 2542 864 2601 ές
894 2541 993 2604 Σοῦσα

188 2624 389 2686 ἀποκτενέοντα
425 2624 555 2701 Σμέρδιν·
599 2626 814 2707 ἐξεργασθέντος
842 2625 874 2684 δὲ
906 2631 992 2686 κακοῦ

187 2711 324 2773 τοσούτου
338 2710 422 2777 ἀδεῶς
436 2712 596 2790 διαιτώμην,
611 2711 718 2790 οὐδαμά
738 2712 939 2790 ἐπιλεξάμενος
952 2714 992 2790 μή

188 2801 254 2861 κοτέ
270 2802 313 2864 τίς
329 2827 387 2878 μοι,
406 2799 541 2877 Σμέρδιος
560 2799 793 2877 ὑπαραιρημένου,
812 2799 905 2864 ἀλλος
926 2807 991 2862 ἐπα·

187 2889 307 2965 νασταίη
317 2887 477 2964 ἀνθρώπων·
491 2886 595 2949 παντός
605 2887 634 2944 δὲ
643 2890 693 2947 τοῦ
702 2888 860 2962 μέλλοντος
872 2889 992 2950 ἔσεσθαι

186 2972 323 3050 ἀμαρτῶν,
341 2972 561 3049 ἀδελφεοκτόνος
580 2999 620 3044 τε,
635 2972 713 3032 οὐδὲν
731 2973 800 3042 δέον,
814 2973 930 3055 γέγονα,
945 2978 991 3036 καὶ

185 3061 234 3132 τῆς
246 3060 407 3134 βασιληίηςΙ
415 3058 492 3118 οὐδὲν
504 3057 600 3133 ἧσσον
618 3061 779 3136 ἐστέρημαι·
800 3062 923 3138 Σμέρδις
935 3064 990 3143 γὰρ

188 3143 222 3218 δὴ
233 3143 297 3218 ἦνά
312 3144 420 3224 Μάγος,
438 3144 489 3202 τόν
507 3168 558 3218 μοι
573 3143 590 3202 ό
605 3144 711 3219 δαίμων
733 3147 888 3223 προέφαινε
906 3154 939 3208 ἐν
953 3153 990 3227 τῇ

187 3222 251 3302 ὄψει
264 3229 520 3303 ἐπαναστήσεσθαι.
561 3228 594 3288 τό
606 3231 659 3305 μὲν
672 3231 706 3306 δή
723 3234 804 3312 ἔργον
817 3234 992 3316 ἐξέργασταί
