<?xml version="1.0" encoding="UTF-8"?>
<!DOCTYPE html PUBLIC "-//W3C//DTD XHTML 1.0 Transitional//EN"
    "http://www.w3.org/TR/xhtml1/DTD/xhtml1-transitional.dtd">
<html xmlns="http://www.w3.org/1999/xhtml" xml:lang="en" lang="en">
 <head>
  <title>
</title>
<meta http-equiv="Content-Type" content="text/html;charset=utf-8" />
  <meta name='ocr-system' content='tesseract 3.04.00' />
  <meta name='ocr-capabilities' content='ocr_page ocr_carea ocr_par ocr_line ocrx_word'/>
</head>
<body>
  <div class='ocr_page' id='page_1' title='image "./herodotus00blakgoog_0345.png"; bbox 0 0 2150 3500; ppageno 0'>
   <div class='ocr_carea' id='block_1_1' title="bbox 110 99 1058 3190">
    <p class='ocr_par' dir='ltr' id='par_1_1' title="bbox 160 99 979 349">
     <span class='ocr_line' id='line_1_1' title="bbox 161 99 974 164; baseline -0.002 -12"><span class='ocrx_word' id='word_1_1' title='bbox 161 105 210 152; x_wconf 79' lang='grc' dir='ltr'>ουυ</span> <span class='ocrx_word' id='word_1_2' title='bbox 467 101 652 150; x_wconf 74' lang='grc' dir='ltr'>Ἦιοιουοτ</span> <span class='ocrx_word' id='word_1_3' title='bbox 909 99 974 164; x_wconf 78' lang='grc' dir='ltr'>[ιν.</span> 
     </span>
     <span class='ocr_line' id='line_1_2' title="bbox 160 177 979 258; baseline -0.006 -16"><span class='ocrx_word' id='word_1_4' title='bbox 160 207 214 257; x_wconf 90' lang='grc' dir='ltr'>την</span> <span class='ocrx_word' id='word_1_5' title='bbox 234 179 367 258; x_wconf 66' lang='grc' dir='ltr'>Νευρῶα·</span> <span class='ocrx_word' id='word_1_6' title='bbox 393 177 613 258; x_wconf 78' lang='grc' dir='ltr'>ταρασσομένων</span> <span class='ocrx_word' id='word_1_7' title='bbox 634 179 665 238; x_wconf 79' lang='grc' dir='ltr'>δὲ</span> <span class='ocrx_word' id='word_1_8' title='bbox 684 179 732 238; x_wconf 88' lang='grc' dir='ltr'>καὶ</span> <span class='ocrx_word' id='word_1_9' title='bbox 751 177 868 249; x_wconf 87' lang='grc' dir='ltr'>τούτων,</span> <span class='ocrx_word' id='word_1_10' title='bbox 888 177 979 254; x_wconf 81' lang='grc' dir='ltr'>ἤϊσαν</span> 
     </span>
     <span class='ocr_line' id='line_1_3' title="bbox 161 266 977 376; baseline -0.004 -47"><span class='ocrx_word' id='word_1_11' title='bbox 161 269 369 349; x_wconf 75' lang='grc' dir='ltr'>ὑποφεύγοντες</span> <span class='ocrx_word' id='word_1_12' title='bbox 382 295 409 327; x_wconf 92' lang='grc' dir='ltr'>οι</span> <span class='ocrx_word' id='word_1_13' title='bbox 400 268 556 332; x_wconf 53' lang='lat' dir='ltr'>‘Rumon’</span> <span class='ocrx_word' id='word_1_14' title='bbox 544 293 571 330; x_wconf 93' lang='grc' dir='ltr'>ες</span> <span class='ocrx_word' id='word_1_15' title='bbox 584 293 649 330; x_wconf 93' lang='grc' dir='ltr'>τους</span> <span class='ocrx_word' id='word_1_16' title='bbox 661 267 870 348; x_wconf 80' lang='grc' dir='ltr'>Ἀγαθύρσους·</span> <span class='ocrx_word' id='word_1_17' title='bbox 891 266 977 376; x_wconf 87' lang='grc' dir='ltr'>Ἀγά-</span> 
     </span>
    </p>

    <p class='ocr_par' dir='ltr' id='par_1_2' title="bbox 162 354 992 1580">
     <span class='ocr_line' id='line_1_4' title="bbox 163 354 976 467; baseline -0.001 -49"><span class='ocrx_word' id='word_1_18' title='bbox 163 359 264 435; x_wconf 90' lang='grc' dir='ltr'>θυρσοι</span> <span class='ocrx_word' id='word_1_19' title='bbox 277 356 336 416; x_wconf 79' lang='grc' dir='ltr'>δὲ</span> <span class='ocrx_word' id='word_1_20' title='bbox 320 356 446 467; x_wconf 82' lang='grc' dir='ltr'>ορέοντες</span> <span class='ocrx_word' id='word_1_21' title='bbox 461 357 507 415; x_wconf 83' lang='grc' dir='ltr'>καὶ</span> <span class='ocrx_word' id='word_1_22' title='bbox 519 382 584 419; x_wconf 84' lang='grc' dir='ltr'>τους</span> <span class='ocrx_word' id='word_1_23' title='bbox 597 354 736 434; x_wconf 83' lang='grc' dir='ltr'>όμούρους</span> <span class='ocrx_word' id='word_1_24' title='bbox 747 355 937 436; x_wconf 84' lang='grc' dir='ltr'>φεύγοντας</span> <span class='ocrx_word' id='word_1_25' title='bbox 920 383 976 417; x_wconf 91' lang='grc' dir='ltr'>υπο</span> 
     </span>
     <span class='ocr_line' id='line_1_5' title="bbox 164 443 976 526; baseline -0.001 -20"><span class='ocrx_word' id='word_1_26' title='bbox 164 447 291 511; x_wconf 79' lang='grc' dir='ltr'>Σκυθέων</span> <span class='ocrx_word' id='word_1_27' title='bbox 307 448 354 504; x_wconf 85' lang='grc' dir='ltr'>καὶ</span> <span class='ocrx_word' id='word_1_28' title='bbox 373 445 602 526; x_wconf 86' lang='grc' dir='ltr'>τεταραγμένους,</span> <span class='ocrx_word' id='word_1_29' title='bbox 616 446 682 522; x_wconf 83' lang='grc' dir='ltr'>πρὶν</span> <span class='ocrx_word' id='word_1_30' title='bbox 701 443 721 520; x_wconf 89' lang='grc' dir='ltr'>ή</span> <span class='ocrx_word' id='word_1_31' title='bbox 742 451 799 519; x_wconf 96' lang='grc' dir='ltr'>σφι</span> <span class='ocrx_word' id='word_1_32' title='bbox 819 444 976 520; x_wconf 73' lang='grc' dir='ltr'>ἐμβαλέειν</span> 
     </span>
     <span class='ocr_line' id='line_1_6' title="bbox 163 531 975 613; baseline -0.002 -19"><span class='ocrx_word' id='word_1_33' title='bbox 163 536 227 597; x_wconf 79' lang='grc' dir='ltr'>τούς</span> <span class='ocrx_word' id='word_1_34' title='bbox 247 533 364 603; x_wconf 75' lang='grc' dir='ltr'>Σκύθας,</span> <span class='ocrx_word' id='word_1_35' title='bbox 386 533 547 610; x_wconf 79' lang='grc' dir='ltr'>πέμψαντες</span> <span class='ocrx_word' id='word_1_36' title='bbox 568 532 673 610; x_wconf 91' lang='grc' dir='ltr'>κήρυκα</span> <span class='ocrx_word' id='word_1_37' title='bbox 699 531 881 613; x_wconf 70' lang='grc' dir='ltr'>ἀπηγόρευον</span> <span class='ocrx_word' id='word_1_38' title='bbox 907 533 975 595; x_wconf 77' lang='grc' dir='ltr'>Σκύ</span> 
     </span>
     <span class='ocr_line' id='line_1_7' title="bbox 165 619 976 700; baseline 0 -20"><span class='ocrx_word' id='word_1_39' title='bbox 165 623 234 700; x_wconf 85' lang='grc' dir='ltr'>θησι</span> <span class='ocrx_word' id='word_1_40' title='bbox 251 621 291 697; x_wconf 83' lang='grc' dir='ltr'>μή</span> <span class='ocrx_word' id='word_1_41' title='bbox 309 623 464 697; x_wconf 78' lang='grc' dir='ltr'>ἐπιβαίνειν</span> <span class='ocrx_word' id='word_1_42' title='bbox 475 625 531 680; x_wconf 83' lang='grc' dir='ltr'>τῶν</span> <span class='ocrx_word' id='word_1_43' title='bbox 547 619 693 696; x_wconf 80' lang='grc' dir='ltr'>σφετέρων</span> <span class='ocrx_word' id='word_1_44' title='bbox 707 619 802 697; x_wconf 85' lang='grc' dir='ltr'>ούρων,</span> <span class='ocrx_word' id='word_1_45' title='bbox 817 619 976 700; x_wconf 89' lang='grc' dir='ltr'>προλέγον-</span> 
     </span>
     <span class='ocr_line' id='line_1_8' title="bbox 163 707 976 786; baseline -0.002 -18"><span class='ocrx_word' id='word_1_46' title='bbox 163 735 208 772; x_wconf 90' lang='grc' dir='ltr'>τες</span> <span class='ocrx_word' id='word_1_47' title='bbox 235 708 271 772; x_wconf 77' lang='grc' dir='ltr'>ὦς</span> <span class='ocrx_word' id='word_1_48' title='bbox 297 712 321 767; x_wconf 81' lang='grc' dir='ltr'>εἰ</span> <span class='ocrx_word' id='word_1_49' title='bbox 347 709 530 786; x_wconf 82' lang='grc' dir='ltr'>πειρήσονται</span> <span class='ocrx_word' id='word_1_50' title='bbox 558 707 739 784; x_wconf 82' lang='grc' dir='ltr'>ἐσβαλόντες,</span> <span class='ocrx_word' id='word_1_51' title='bbox 760 708 853 784; x_wconf 85' lang='grc' dir='ltr'>σφίσι</span> <span class='ocrx_word' id='word_1_52' title='bbox 877 713 976 784; x_wconf 82' lang='grc' dir='ltr'>πρῶτα</span> 
     </span>
     <span class='ocr_line' id='line_1_9' title="bbox 162 795 992 876; baseline 0 -21"><span class='ocrx_word' id='word_1_53' title='bbox 162 795 399 875; x_wconf 76' lang='grc' dir='ltr'>διαμαχήσονται.</span> <span class='ocrx_word' id='word_1_54' title='bbox 431 795 606 876; x_wconf 83' lang='grc' dir='ltr'>Ἀγάθυρσοι</span> <span class='ocrx_word' id='word_1_55' title='bbox 618 799 670 872; x_wconf 82' lang='grc' dir='ltr'>μὲν</span> <span class='ocrx_word' id='word_1_56' title='bbox 682 796 869 873; x_wconf 81' lang='grc' dir='ltr'>προείπαντες</span> <span class='ocrx_word' id='word_1_57' title='bbox 885 800 975 856; x_wconf 78' lang='grc' dir='ltr'>ταῦτα</span> <span class='ocrx_word' id='word_1_58' title='bbox 989 869 992 876; x_wconf 20' lang='lat'><strong>⁴</strong></span> 
     </span>
     <span class='ocr_line' id='line_1_10' title="bbox 163 883 976 962; baseline -0.001 -18"><span class='ocrx_word' id='word_1_59' title='bbox 163 885 301 961; x_wconf 83' lang='grc' dir='ltr'>ἐβοήθεον</span> <span class='ocrx_word' id='word_1_60' title='bbox 315 886 361 943; x_wconf 84' lang='grc' dir='ltr'>ε’πὶ</span> <span class='ocrx_word' id='word_1_61' title='bbox 373 883 438 947; x_wconf 78' lang='grc' dir='ltr'>τούς</span> <span class='ocrx_word' id='word_1_62' title='bbox 452 883 558 960; x_wconf 78' lang='grc' dir='ltr'>οὔρους,</span> <span class='ocrx_word' id='word_1_63' title='bbox 573 883 678 960; x_wconf 80' lang='grc' dir='ltr'>ἐρύκειν</span> <span class='ocrx_word' id='word_1_64' title='bbox 692 889 721 944; x_wconf 87' lang='grc' dir='ltr'>ἐν</span> <span class='ocrx_word' id='word_1_65' title='bbox 734 887 771 962; x_wconf 77' lang='grc' dir='ltr'>νῷ</span> <span class='ocrx_word' id='word_1_66' title='bbox 784 884 899 962; x_wconf 79' lang='grc' dir='ltr'>ἔχοντες</span> <span class='ocrx_word' id='word_1_67' title='bbox 911 884 976 948; x_wconf 75' lang='grc' dir='ltr'>τούς</span> 
     </span>
     <span class='ocr_line' id='line_1_11' title="bbox 163 970 975 1052; baseline 0 -21"><span class='ocrx_word' id='word_1_68' title='bbox 163 973 300 1036; x_wconf 87' lang='grc' dir='ltr'>ἐπιόντας.</span> <span class='ocrx_word' id='word_1_69' title='bbox 335 971 553 1052; x_wconf 77' lang='grc' dir='ltr'>Μελάγχλαινοι</span> <span class='ocrx_word' id='word_1_70' title='bbox 580 971 609 1030; x_wconf 84' lang='grc' dir='ltr'>δὲ</span> <span class='ocrx_word' id='word_1_71' title='bbox 636 971 682 1030; x_wconf 84' lang='grc' dir='ltr'>καὶ</span> <span class='ocrx_word' id='word_1_72' title='bbox 708 970 905 1051; x_wconf 80' lang='grc' dir='ltr'>Ἀνδροφάγοι</span> <span class='ocrx_word' id='word_1_73' title='bbox 929 973 975 1031; x_wconf 90' lang='grc' dir='ltr'>καὶ</span> 
     </span>
     <span class='ocr_line' id='line_1_12' title="bbox 163 1057 974 1140; baseline -0.001 -20"><span class='ocrx_word' id='word_1_74' title='bbox 163 1062 276 1138; x_wconf 85' lang='grc' dir='ltr'>Νευροὶ,</span> <span class='ocrx_word' id='word_1_75' title='bbox 305 1058 569 1137; x_wconf 70' lang='grc' dir='ltr'>ἐσβαλόντωντῶν</span> <span class='ocrx_word' id='word_1_76' title='bbox 594 1059 729 1136; x_wconf 89' lang='grc' dir='ltr'>Περσέων</span> <span class='ocrx_word' id='word_1_77' title='bbox 749 1057 810 1136; x_wconf 82' lang='grc' dir='ltr'>ἅμα</span> <span class='ocrx_word' id='word_1_78' title='bbox 835 1059 974 1140; x_wconf 80' lang='grc' dir='ltr'>Σκύθῃσι,</span> 
     </span>
     <span class='ocr_line' id='line_1_13' title="bbox 163 1146 976 1225; baseline -0.002 -17"><span class='ocrx_word' id='word_1_79' title='bbox 163 1149 227 1209; x_wconf 78' lang='grc' dir='ltr'>οὔτε</span> <span class='ocrx_word' id='word_1_80' title='bbox 253 1148 324 1225; x_wconf 81' lang='grc' dir='ltr'>πρός</span> <span class='ocrx_word' id='word_1_81' title='bbox 351 1147 442 1223; x_wconf 79' lang='grc' dir='ltr'>α’λκήν</span> <span class='ocrx_word' id='word_1_82' title='bbox 468 1147 620 1224; x_wconf 85' lang='grc' dir='ltr'>ἐτράποντο</span> <span class='ocrx_word' id='word_1_83' title='bbox 648 1146 853 1224; x_wconf 86' lang='grc' dir='ltr'>ἐπιλαθόμενοί</span> <span class='ocrx_word' id='word_1_84' title='bbox 871 1173 905 1207; x_wconf 89' lang='grc' dir='ltr'>τε</span> <span class='ocrx_word' id='word_1_85' title='bbox 925 1153 976 1224; x_wconf 80' lang='grc' dir='ltr'>τῆς</span> 
     </span>
     <span class='ocr_line' id='line_1_14' title="bbox 162 1234 976 1316; baseline 0 -19"><span class='ocrx_word' id='word_1_86' title='bbox 162 1235 283 1313; x_wconf 81' lang='grc' dir='ltr'>άπειλῆς</span> <span class='ocrx_word' id='word_1_87' title='bbox 304 1238 424 1316; x_wconf 80' lang='grc' dir='ltr'>ἔφευγον</span> <span class='ocrx_word' id='word_1_88' title='bbox 442 1235 496 1293; x_wconf 81' lang='grc' dir='ltr'>αἰεὶ</span> <span class='ocrx_word' id='word_1_89' title='bbox 509 1234 543 1295; x_wconf 78' lang='grc' dir='ltr'>τό</span> <span class='ocrx_word' id='word_1_90' title='bbox 557 1235 628 1312; x_wconf 78' lang='grc' dir='ltr'>πρός</span> <span class='ocrx_word' id='word_1_91' title='bbox 645 1234 739 1312; x_wconf 84' lang='grc' dir='ltr'>βορέω</span> <span class='ocrx_word' id='word_1_92' title='bbox 752 1239 781 1298; x_wconf 87' lang='grc' dir='ltr'>ἐς</span> <span class='ocrx_word' id='word_1_93' title='bbox 793 1235 848 1311; x_wconf 68' lang='grc' dir='ltr'>τήν</span> <span class='ocrx_word' id='word_1_94' title='bbox 867 1239 976 1314; x_wconf 83' lang='grc' dir='ltr'>ἐρῆμον</span> 
     </span>
     <span class='ocr_line' id='line_1_15' title="bbox 163 1322 975 1406; baseline 0.002 -21"><span class='ocrx_word' id='word_1_95' title='bbox 163 1324 372 1406; x_wconf 87' lang='grc' dir='ltr'>τεταραγμένοι·</span> <span class='ocrx_word' id='word_1_96' title='bbox 394 1323 464 1382; x_wconf 82' lang='grc' dir='ltr'>οἶδὲ</span> <span class='ocrx_word' id='word_1_97' title='bbox 478 1323 584 1386; x_wconf 80' lang='grc' dir='ltr'>Σκύθαι</span> <span class='ocrx_word' id='word_1_98' title='bbox 598 1329 625 1386; x_wconf 91' lang='grc' dir='ltr'>ἐς</span> <span class='ocrx_word' id='word_1_99' title='bbox 638 1326 690 1400; x_wconf 75' lang='grc' dir='ltr'>μὲν</span> <span class='ocrx_word' id='word_1_100' title='bbox 699 1323 764 1386; x_wconf 75' lang='grc' dir='ltr'>τούς</span> <span class='ocrx_word' id='word_1_101' title='bbox 775 1322 975 1404; x_wconf 87' lang='grc' dir='ltr'>Ἀγαθύρσους</span> 
     </span>
     <span class='ocr_line' id='line_1_16' title="bbox 164 1410 975 1489; baseline -0.004 -16"><span class='ocrx_word' id='word_1_102' title='bbox 164 1413 256 1474; x_wconf 85' lang='grc' dir='ltr'>ούκέτι</span> <span class='ocrx_word' id='word_1_103' title='bbox 270 1412 440 1475; x_wconf 75' lang='grc' dir='ltr'>ἀπείπαντας</span> <span class='ocrx_word' id='word_1_104' title='bbox 452 1410 627 1472; x_wconf 73' lang='grc' dir='ltr'>ἀπικνέοντο·</span> <span class='ocrx_word' id='word_1_105' title='bbox 644 1414 671 1471; x_wconf 82' lang='grc' dir='ltr'>οἳ</span> <span class='ocrx_word' id='word_1_106' title='bbox 684 1411 714 1470; x_wconf 83' lang='grc' dir='ltr'>δέ</span> <span class='ocrx_word' id='word_1_107' title='bbox 727 1416 757 1470; x_wconf 91' lang='grc' dir='ltr'>ἐκ</span> <span class='ocrx_word' id='word_1_108' title='bbox 770 1415 821 1486; x_wconf 79' lang='grc' dir='ltr'>τῆς</span> <span class='ocrx_word' id='word_1_109' title='bbox 835 1413 975 1489; x_wconf 86' lang='grc' dir='ltr'>Νευρίδος</span> 
     </span>
     <span class='ocr_line' id='line_1_17' title="bbox 162 1497 954 1580; baseline 0.001 -21"><span class='ocrx_word' id='word_1_110' title='bbox 162 1501 255 1580; x_wconf 78' lang='grc' dir='ltr'>χώρης</span> <span class='ocrx_word' id='word_1_111' title='bbox 269 1505 297 1563; x_wconf 90' lang='grc' dir='ltr'>ἐς</span> <span class='ocrx_word' id='word_1_112' title='bbox 308 1500 361 1575; x_wconf 78' lang='grc' dir='ltr'>τήν</span> <span class='ocrx_word' id='word_1_113' title='bbox 374 1497 517 1576; x_wconf 87' lang='grc' dir='ltr'>σφετέρην</span> <span class='ocrx_word' id='word_1_114' title='bbox 530 1497 789 1580; x_wconf 85' lang='grc' dir='ltr'>κατηγέοντοτοῖσι</span> <span class='ocrx_word' id='word_1_115' title='bbox 803 1499 954 1577; x_wconf 87' lang='grc' dir='ltr'>Πέρσησι.</span> 
     </span>
    </p>

    <p class='ocr_par' dir='ltr' id='par_1_3' title="bbox 118 1585 975 1844">
     <span class='ocr_line' id='line_1_18' title="bbox 118 1585 974 1667; baseline 0.001 -21"><span class='ocrx_word' id='word_1_116' title='bbox 118 1590 174 1646; x_wconf 81' lang='grc'>’126</span> <span class='ocrx_word' id='word_1_117' title='bbox 215 1587 265 1651; x_wconf 87' lang='grc' dir='ltr'>Ὡς</span> <span class='ocrx_word' id='word_1_118' title='bbox 285 1587 315 1646; x_wconf 85' lang='grc' dir='ltr'>δὲ</span> <span class='ocrx_word' id='word_1_119' title='bbox 334 1587 447 1647; x_wconf 80' lang='grc' dir='ltr'>πολλόν</span> <span class='ocrx_word' id='word_1_120' title='bbox 464 1589 548 1646; x_wconf 77' lang='grc' dir='ltr'>τοῦτο</span> <span class='ocrx_word' id='word_1_121' title='bbox 568 1587 673 1667; x_wconf 85' lang='grc' dir='ltr'>ἐγίνετο</span> <span class='ocrx_word' id='word_1_122' title='bbox 688 1587 743 1646; x_wconf 81' lang='grc' dir='ltr'>καὶ</span> <span class='ocrx_word' id='word_1_123' title='bbox 767 1585 818 1646; x_wconf 89' lang='grc' dir='ltr'>ούκ</span> <span class='ocrx_word' id='word_1_124' title='bbox 844 1588 974 1660; x_wconf 87' lang='grc' dir='ltr'>ἐπαύετο,</span> 
     </span>
     <span class='ocr_line' id='line_1_19' title="bbox 162 1672 975 1753; baseline 0.001 -20"><span class='ocrx_word' id='word_1_125' title='bbox 162 1676 276 1753; x_wconf 84' lang='grc' dir='ltr'>πέμψας</span> <span class='ocrx_word' id='word_1_126' title='bbox 293 1679 412 1753; x_wconf 79' lang='grc' dir='ltr'>Δαρεῖος</span> <span class='ocrx_word' id='word_1_127' title='bbox 431 1674 518 1734; x_wconf 80' lang='grc' dir='ltr'>ἱππέα</span> <span class='ocrx_word' id='word_1_128' title='bbox 533 1673 611 1753; x_wconf 80' lang='grc' dir='ltr'>παρά</span> <span class='ocrx_word' id='word_1_129' title='bbox 628 1672 679 1735; x_wconf 85' lang='grc' dir='ltr'>τδν</span> <span class='ocrx_word' id='word_1_130' title='bbox 697 1675 825 1738; x_wconf 72' lang='grc' dir='ltr'>Σκυθέων</span> <span class='ocrx_word' id='word_1_131' title='bbox 843 1676 975 1753; x_wconf 86' lang='grc' dir='ltr'>βασιλέα</span> 
     </span>
     <span class='ocr_line' id='line_1_20' title="bbox 162 1763 975 1844; baseline 0 -21"><span class='ocrx_word' id='word_1_132' title='bbox 162 1763 344 1840; x_wconf 83' lang='grc' dir='ltr'>Ἰδάνθυρσον</span> <span class='ocrx_word' id='word_1_133' title='bbox 360 1765 441 1844; x_wconf 81' lang='grc' dir='ltr'>ἔλεγε</span> <span class='ocrx_word' id='word_1_134' title='bbox 461 1764 536 1823; x_wconf 84' lang='grc' dir='ltr'>τάδε·</span> <span class='ocrx_word' id='word_1_135' title='bbox 558 1774 576 1799; x_wconf 90' lang='grc'><strong>“</strong></span> <span class='ocrx_word' id='word_1_136' title='bbox 585 1763 710 1841; x_wconf 88' lang='grc' dir='ltr'>δαιμόνιε</span> <span class='ocrx_word' id='word_1_137' title='bbox 727 1763 843 1841; x_wconf 76' lang='grc' dir='ltr'>ἀνδρῶν,</span> <span class='ocrx_word' id='word_1_138' title='bbox 859 1766 893 1825; x_wconf 90' lang='grc' dir='ltr'>τί</span> <span class='ocrx_word' id='word_1_139' title='bbox 907 1766 975 1841; x_wconf 81' lang='grc' dir='ltr'>φεύ-</span> 
     </span>
    </p>

    <p class='ocr_par' dir='ltr' id='par_1_4' title="bbox 110 1851 1058 2375">
     <span class='ocr_line' id='line_1_21' title="bbox 110 1851 975 1934; baseline 0.003 -24"><span class='ocrx_word' id='word_1_140' title='bbox 110 1907 112 1910; x_wconf 90' lang='grc'>.</span> <span class='ocrx_word' id='word_1_141' title='bbox 162 1877 221 1933; x_wconf 89' lang='grc' dir='ltr'>γεις</span> <span class='ocrx_word' id='word_1_142' title='bbox 234 1853 288 1911; x_wconf 79' lang='grc' dir='ltr'>αἰεὶ</span> <span class='ocrx_word' id='word_1_143' title='bbox 301 1851 363 1922; x_wconf 79' lang='grc' dir='ltr'>ἐξόν</span> <span class='ocrx_word' id='word_1_144' title='bbox 372 1878 417 1911; x_wconf 89' lang='grc' dir='ltr'>τοι</span> <span class='ocrx_word' id='word_1_145' title='bbox 430 1852 516 1912; x_wconf 84' lang='grc' dir='ltr'>τῶνδε</span> <span class='ocrx_word' id='word_1_146' title='bbox 528 1851 565 1912; x_wconf 77' lang='grc' dir='ltr'>τά</span> <span class='ocrx_word' id='word_1_147' title='bbox 578 1852 658 1934; x_wconf 82' lang='grc' dir='ltr'>ἕτερα</span> <span class='ocrx_word' id='word_1_148' title='bbox 671 1854 791 1923; x_wconf 84' lang='grc' dir='ltr'>ποιέειν;</span> <span class='ocrx_word' id='word_1_149' title='bbox 813 1857 838 1913; x_wconf 84' lang='grc' dir='ltr'>εἷ</span> <span class='ocrx_word' id='word_1_150' title='bbox 850 1856 905 1930; x_wconf 72' lang='grc' dir='ltr'>μὲν</span> <span class='ocrx_word' id='word_1_151' title='bbox 917 1854 975 1934; x_wconf 72' lang='grc' dir='ltr'>γάρ</span> 
     </span>
     <span class='ocr_line' id='line_1_22' title="bbox 163 1939 975 2020; baseline 0.002 -21"><span class='ocrx_word' id='word_1_152' title='bbox 163 1939 314 2019; x_wconf 74' lang='grc' dir='ltr'>ἀξιόχρεως</span> <span class='ocrx_word' id='word_1_153' title='bbox 334 1939 438 2003; x_wconf 82' lang='grc' dir='ltr'>δοκέεις</span> <span class='ocrx_word' id='word_1_154' title='bbox 459 1939 529 2000; x_wconf 83' lang='grc' dir='ltr'>εἶναι</span> <span class='ocrx_word' id='word_1_155' title='bbox 550 1944 662 2020; x_wconf 77' lang='grc' dir='ltr'>σεωυτῷ</span> <span class='ocrx_word' id='word_1_156' title='bbox 684 1944 761 2001; x_wconf 79' lang='grc' dir='ltr'>τοῖσι</span> <span class='ocrx_word' id='word_1_157' title='bbox 783 1944 880 2018; x_wconf 82' lang='grc' dir='ltr'>ἐμοῖσι</span> <span class='ocrx_word' id='word_1_158' title='bbox 902 1942 975 2019; x_wconf 90' lang='grc' dir='ltr'>πρή-</span> 
     </span>
     <span class='ocr_line' id='line_1_23' title="bbox 162 2028 1058 2110; baseline 0.001 -22"><span class='ocrx_word' id='word_1_159' title='bbox 162 2055 255 2110; x_wconf 87' lang='grc' dir='ltr'>γμασι</span> <span class='ocrx_word' id='word_1_160' title='bbox 275 2028 449 2104; x_wconf 79' lang='grc' dir='ltr'>ἀντιωθῆναι,</span> <span class='ocrx_word' id='word_1_161' title='bbox 469 2028 507 2087; x_wconf 81' lang='grc' dir='ltr'>σύ</span> <span class='ocrx_word' id='word_1_162' title='bbox 528 2028 558 2087; x_wconf 82' lang='grc' dir='ltr'>δέ</span> <span class='ocrx_word' id='word_1_163' title='bbox 578 2028 649 2092; x_wconf 82' lang='grc' dir='ltr'>στάς</span> <span class='ocrx_word' id='word_1_164' title='bbox 671 2054 703 2090; x_wconf 90' lang='grc' dir='ltr'>τε</span> <span class='ocrx_word' id='word_1_165' title='bbox 724 2029 770 2089; x_wconf 86' lang='grc' dir='ltr'>καὶ</span> <span class='ocrx_word' id='word_1_166' title='bbox 790 2028 975 2107; x_wconf 79' lang='grc' dir='ltr'>παυσάμενος</span> <span class='ocrx_word' id='word_1_167' title='bbox 1057 2032 1058 2039; x_wconf 43' lang='grc'><strong>“</strong></span> 
     </span>
     <span class='ocr_line' id='line_1_24' title="bbox 162 2115 974 2196; baseline 0.002 -21"><span class='ocrx_word' id='word_1_168' title='bbox 162 2116 272 2193; x_wconf 89' lang='grc' dir='ltr'>πλάνης</span> <span class='ocrx_word' id='word_1_169' title='bbox 290 2115 443 2195; x_wconf 86' lang='grc' dir='ltr'>μάχεσθαι·</span> <span class='ocrx_word' id='word_1_170' title='bbox 466 2115 535 2175; x_wconf 77' lang='grc' dir='ltr'>εἰδὲ</span> <span class='ocrx_word' id='word_1_171' title='bbox 556 2116 763 2196; x_wconf 81' lang='grc' dir='ltr'>συγγινώσκεαι</span> <span class='ocrx_word' id='word_1_172' title='bbox 775 2116 846 2176; x_wconf 83' lang='grc' dir='ltr'>εἶναι</span> <span class='ocrx_word' id='word_1_173' title='bbox 861 2116 974 2193; x_wconf 87' lang='grc' dir='ltr'>ἥσσων,</span> 
     </span>
     <span class='ocr_line' id='line_1_25' title="bbox 164 2201 1057 2285; baseline 0.002 -21"><span class='ocrx_word' id='word_1_174' title='bbox 164 2205 202 2264; x_wconf 78' lang='grc' dir='ltr'>σι)</span> <span class='ocrx_word' id='word_1_175' title='bbox 219 2206 249 2264; x_wconf 79' lang='grc' dir='ltr'>δὲ</span> <span class='ocrx_word' id='word_1_176' title='bbox 265 2207 313 2264; x_wconf 83' lang='grc' dir='ltr'>καὶ</span> <span class='ocrx_word' id='word_1_177' title='bbox 332 2205 404 2265; x_wconf 84' lang='grc' dir='ltr'>οὕτω</span> <span class='ocrx_word' id='word_1_178' title='bbox 416 2201 598 2281; x_wconf 77' lang='grc' dir='ltr'>παυσάμενος</span> <span class='ocrx_word' id='word_1_179' title='bbox 610 2209 660 2264; x_wconf 84' lang='grc' dir='ltr'>τοῦ</span> <span class='ocrx_word' id='word_1_180' title='bbox 674 2204 780 2283; x_wconf 86' lang='grc' dir='ltr'>δρόμου</span> <span class='ocrx_word' id='word_1_181' title='bbox 793 2205 921 2285; x_wconf 83' lang='grc' dir='ltr'>δεσπότῃ</span> <span class='ocrx_word' id='word_1_182' title='bbox 934 2211 975 2285; x_wconf 78' lang='grc' dir='ltr'>τῷ</span> <span class='ocrx_word' id='word_1_183' title='bbox 1056 2234 1057 2246; x_wconf 66' lang='grc'>·</span> 
     </span>
     <span class='ocr_line' id='line_1_26' title="bbox 163 2291 975 2375; baseline 0.001 -23"><span class='ocrx_word' id='word_1_184' title='bbox 163 2297 206 2371; x_wconf 79' lang='grc' dir='ltr'>σῷ</span> <span class='ocrx_word' id='word_1_185' title='bbox 225 2293 300 2370; x_wconf 79' lang='grc' dir='ltr'>δῶρα</span> <span class='ocrx_word' id='word_1_186' title='bbox 321 2294 414 2370; x_wconf 78' lang='grc' dir='ltr'>φέρων</span> <span class='ocrx_word' id='word_1_187' title='bbox 430 2296 485 2373; x_wconf 75' lang='grc' dir='ltr'>γῆν</span> <span class='ocrx_word' id='word_1_188' title='bbox 504 2319 536 2352; x_wconf 92' lang='grc' dir='ltr'>τε</span> <span class='ocrx_word' id='word_1_189' title='bbox 554 2293 601 2351; x_wconf 85' lang='grc' dir='ltr'>καὶ</span> <span class='ocrx_word' id='word_1_190' title='bbox 615 2291 686 2370; x_wconf 79' lang='grc' dir='ltr'>ὕδωρ</span> <span class='ocrx_word' id='word_1_191' title='bbox 706 2294 773 2354; x_wconf 85' lang='grc' dir='ltr'>ἐλθὲ</span> <span class='ocrx_word' id='word_1_192' title='bbox 792 2297 821 2356; x_wconf 91' lang='grc' dir='ltr'>ἐς</span> <span class='ocrx_word' id='word_1_193' title='bbox 842 2293 975 2375; x_wconf 79' lang='grc' dir='ltr'>λόγους.”</span> 
     </span>
    </p>

    <p class='ocr_par' dir='ltr' id='par_1_5' title="bbox 117 2379 1056 3161">
     <span class='ocr_line' id='line_1_27' title="bbox 117 2379 1056 2463; baseline 0.002 -24"><span class='ocrx_word' id='word_1_194' title='bbox 117 2380 173 2440; x_wconf 68' lang='grc' dir='ltr'>1θ7</span> <span class='ocrx_word' id='word_1_195' title='bbox 185 2380 263 2457; x_wconf 80' lang='grc' dir='ltr'>Πρός</span> <span class='ocrx_word' id='word_1_196' title='bbox 275 2384 364 2440; x_wconf 81' lang='grc' dir='ltr'>ταῦτα</span> <span class='ocrx_word' id='word_1_197' title='bbox 377 2379 393 2440; x_wconf 86' lang='grc' dir='ltr'>ό</span> <span class='ocrx_word' id='word_1_198' title='bbox 408 2381 536 2444; x_wconf 76' lang='grc' dir='ltr'>Σκυθέων</span> <span class='ocrx_word' id='word_1_199' title='bbox 544 2379 684 2456; x_wconf 77' lang='grc' dir='ltr'>βασιλεύς</span> <span class='ocrx_word' id='word_1_200' title='bbox 696 2380 877 2457; x_wconf 88' lang='grc' dir='ltr'>Ἰδάνθυρσος</span> <span class='ocrx_word' id='word_1_201' title='bbox 891 2382 974 2463; x_wconf 81' lang='grc' dir='ltr'>ἔλεγε</span> <span class='ocrx_word' id='word_1_202' title='bbox 1055 2386 1056 2420; x_wconf 66' lang='lat'>³</span> 
     </span>
     <span class='ocr_line' id='line_1_28' title="bbox 163 2466 975 2549; baseline 0.004 -24"><span class='ocrx_word' id='word_1_203' title='bbox 163 2466 239 2525; x_wconf 89' lang='grc' dir='ltr'>τάδε·</span> <span class='ocrx_word' id='word_1_204' title='bbox 259 2467 358 2526; x_wconf 59' lang='lat' dir='ltr'>“afim</span> <span class='ocrx_word' id='word_1_205' title='bbox 370 2466 404 2526; x_wconf 77' lang='grc' dir='ltr'>τό</span> <span class='ocrx_word' id='word_1_206' title='bbox 418 2466 486 2542; x_wconf 81' lang='grc' dir='ltr'>ἐμόν</span> <span class='ocrx_word' id='word_1_207' title='bbox 500 2469 566 2546; x_wconf 81' lang='grc' dir='ltr'>ἔχει,</span> <span class='ocrx_word' id='word_1_208' title='bbox 581 2466 602 2527; x_wconf 84' lang='grc' dir='ltr'><strong><em>ὦ</em></strong></span> <span class='ocrx_word' id='word_1_209' title='bbox 619 2468 730 2546; x_wconf 90' lang='grc' dir='ltr'>Πέρσα·</span> <span class='ocrx_word' id='word_1_210' title='bbox 752 2468 806 2549; x_wconf 82' lang='grc' dir='ltr'>ἐγιδ</span> <span class='ocrx_word' id='word_1_211' title='bbox 820 2467 920 2528; x_wconf 84' lang='grc' dir='ltr'>ούδένα</span> <span class='ocrx_word' id='word_1_212' title='bbox 934 2496 975 2528; x_wconf 92' lang='grc' dir='ltr'>κω</span> 
     </span>
     <span class='ocr_line' id='line_1_29' title="bbox 162 2552 974 2636; baseline 0.006 -24"><span class='ocrx_word' id='word_1_213' title='bbox 162 2552 314 2630; x_wconf 78' lang='grc' dir='ltr'>ἀνθρώπων</span> <span class='ocrx_word' id='word_1_214' title='bbox 327 2554 423 2632; x_wconf 80' lang='grc' dir='ltr'>δείσας</span> <span class='ocrx_word' id='word_1_215' title='bbox 437 2555 551 2636; x_wconf 82' lang='grc' dir='ltr'>ἔφυγον,</span> <span class='ocrx_word' id='word_1_216' title='bbox 566 2555 629 2616; x_wconf 77' lang='grc' dir='ltr'>οὗτε</span> <span class='ocrx_word' id='word_1_217' title='bbox 642 2556 778 2634; x_wconf 89' lang='grc' dir='ltr'>πρότερον</span> <span class='ocrx_word' id='word_1_218' title='bbox 792 2556 856 2616; x_wconf 82' lang='grc' dir='ltr'>οὔτε</span> <span class='ocrx_word' id='word_1_219' title='bbox 868 2560 918 2617; x_wconf 81' lang='grc' dir='ltr'>νῦν</span> <span class='ocrx_word' id='word_1_220' title='bbox 937 2584 974 2617; x_wconf 91' lang='grc' dir='ltr'>σε</span> 
     </span>
     <span class='ocr_line' id='line_1_30' title="bbox 163 2640 1054 2723; baseline 0.006 -23"><span class='ocrx_word' id='word_1_221' title='bbox 163 2641 268 2723; x_wconf 89' lang='grc' dir='ltr'>φεύγω·</span> <span class='ocrx_word' id='word_1_222' title='bbox 289 2640 354 2700; x_wconf 78' lang='grc' dir='ltr'>οὐδέ</span> <span class='ocrx_word' id='word_1_223' title='bbox 370 2668 398 2701; x_wconf 90' lang='grc' dir='ltr'>τι</span> <span class='ocrx_word' id='word_1_224' title='bbox 415 2641 549 2720; x_wconf 75' lang='grc' dir='ltr'>νεώτερόν</span> <span class='ocrx_word' id='word_1_225' title='bbox 565 2647 622 2721; x_wconf 81' lang='grc' dir='ltr'>εἶμι</span> <span class='ocrx_word' id='word_1_226' title='bbox 639 2643 762 2719; x_wconf 82' lang='grc' dir='ltr'>ποιήσας</span> <span class='ocrx_word' id='word_1_227' title='bbox 778 2648 827 2705; x_wconf 80' lang='grc' dir='ltr'>νῦν</span> <span class='ocrx_word' id='word_1_228' title='bbox 839 2641 859 2720; x_wconf 82' lang='grc' dir='ltr'><em>ἢ</em></span> <span class='ocrx_word' id='word_1_229' title='bbox 873 2645 921 2703; x_wconf 90' lang='grc' dir='ltr'>καὶ</span> <span class='ocrx_word' id='word_1_230' title='bbox 942 2650 972 2705; x_wconf 88' lang='grc' dir='ltr'>ἐν</span> <span class='ocrx_word' id='word_1_231' title='bbox 1053 2684 1054 2687; x_wconf 64' lang='lat'><em>=</em></span> 
     </span>
     <span class='ocr_line' id='line_1_31' title="bbox 163 2728 976 2811; baseline 0.004 -21"><span class='ocrx_word' id='word_1_232' title='bbox 163 2730 258 2809; x_wconf 78' lang='grc' dir='ltr'>εἰρήνη</span> <span class='ocrx_word' id='word_1_233' title='bbox 276 2729 363 2791; x_wconf 88' lang='grc' dir='ltr'>εἰύθεα</span> <span class='ocrx_word' id='word_1_234' title='bbox 380 2730 494 2791; x_wconf 88' lang='grc' dir='ltr'>ποιέειν.</span> <span class='ocrx_word' id='word_1_235' title='bbox 528 2728 589 2791; x_wconf 79' lang='grc' dir='ltr'>ὅτι</span> <span class='ocrx_word' id='word_1_236' title='bbox 607 2732 638 2793; x_wconf 79' lang='grc' dir='ltr'>δὲ</span> <span class='ocrx_word' id='word_1_237' title='bbox 655 2731 704 2791; x_wconf 78' lang='grc' dir='ltr'>οὐκ</span> <span class='ocrx_word' id='word_1_238' title='bbox 719 2731 820 2792; x_wconf 87' lang='grc' dir='ltr'>αύτίκα</span> <span class='ocrx_word' id='word_1_239' title='bbox 839 2732 976 2811; x_wconf 80' lang='grc' dir='ltr'>μάχομαί</span> 
     </span>
     <span class='ocr_line' id='line_1_32' title="bbox 164 2818 973 2900; baseline 0.001 -21"><span class='ocrx_word' id='word_1_240' title='bbox 164 2845 217 2888; x_wconf 88' lang='grc' dir='ltr'>τοι,</span> <span class='ocrx_word' id='word_1_241' title='bbox 234 2820 288 2900; x_wconf 74' lang='grc' dir='ltr'>ἐγώ</span> <span class='ocrx_word' id='word_1_242' title='bbox 305 2820 351 2879; x_wconf 82' lang='grc' dir='ltr'>καὶ</span> <span class='ocrx_word' id='word_1_243' title='bbox 367 2822 452 2879; x_wconf 81' lang='grc' dir='ltr'>τοῦτο</span> <span class='ocrx_word' id='word_1_244' title='bbox 473 2819 617 2895; x_wconf 89' lang='grc' dir='ltr'>σημανέω·</span> <span class='ocrx_word' id='word_1_245' title='bbox 636 2818 706 2897; x_wconf 86' lang='grc' dir='ltr'>ήμῖν</span> <span class='ocrx_word' id='word_1_246' title='bbox 721 2820 784 2880; x_wconf 82' lang='grc' dir='ltr'>ούτε</span> <span class='ocrx_word' id='word_1_247' title='bbox 802 2819 894 2880; x_wconf 78' lang='grc' dir='ltr'>ἄστεα</span> <span class='ocrx_word' id='word_1_248' title='bbox 908 2821 973 2881; x_wconf 78' lang='grc' dir='ltr'>οὔτε</span> 
     </span>
     <span class='ocr_line' id='line_1_33' title="bbox 162 2904 973 3021; baseline 0.002 -56"><span class='ocrx_word' id='word_1_249' title='bbox 162 2909 202 2983; x_wconf 83' lang='grc' dir='ltr'>γῆ</span> <span class='ocrx_word' id='word_1_250' title='bbox 214 2908 408 2983; x_wconf 88' lang='grc' dir='ltr'>πεφυτευμένη</span> <span class='ocrx_word' id='word_1_251' title='bbox 423 2906 493 2975; x_wconf 82' lang='grc' dir='ltr'>ἐστὶ,</span> <span class='ocrx_word' id='word_1_252' title='bbox 507 2910 563 2966; x_wconf 79' lang='grc' dir='ltr'>τῶν</span> <span class='ocrx_word' id='word_1_253' title='bbox 572 2907 636 2984; x_wconf 91' lang='grc' dir='ltr'>πέρι</span> <span class='ocrx_word' id='word_1_254' title='bbox 650 2904 791 2972; x_wconf 74' lang='grc' dir='ltr'>δείσαντες</span> <span class='ocrx_word' id='word_1_255' title='bbox 803 2908 844 2985; x_wconf 77' lang='grc' dir='ltr'>μή</span> <span class='ocrx_word' id='word_1_256' title='bbox 858 2907 939 2987; x_wconf 76' lang='grc' dir='ltr'>(ἶλῴη</span> <span class='ocrx_word' id='word_1_257' title='bbox 953 2907 973 3021; x_wconf 75' lang='grc' dir='ltr'>ή</span> 
     </span>
     <span class='ocr_line' id='line_1_34' title="bbox 162 2992 973 3099; baseline 0.011 -52"><span class='ocrx_word' id='word_1_258' title='bbox 162 2995 243 3067; x_wconf 79' lang='grc' dir='ltr'>καρῇ,</span> <span class='ocrx_word' id='word_1_259' title='bbox 256 2992 409 3099; x_wconf 88' lang='grc' dir='ltr'>ταχύτερον</span> <span class='ocrx_word' id='word_1_260' title='bbox 429 2993 641 3073; x_wconf 78' lang='grc' dir='ltr'>συμμάνγοιμεν</span> <span class='ocrx_word' id='word_1_261' title='bbox 653 3022 688 3055; x_wconf 87' lang='grc' dir='ltr'>αν</span> <span class='ocrx_word' id='word_1_262' title='bbox 702 3001 729 3059; x_wconf 84' lang='grc' dir='ltr'>ἐς</span> <span class='ocrx_word' id='word_1_263' title='bbox 741 2994 837 3074; x_wconf 77' lang='grc' dir='ltr'>μάχην</span> <span class='ocrx_word' id='word_1_264' title='bbox 850 2995 926 3072; x_wconf 85' lang='grc' dir='ltr'>υμῖν·</span> <span class='ocrx_word' id='word_1_265' title='bbox 948 3002 973 3056; x_wconf 81' lang='grc' dir='ltr'>εἰ</span> 
     </span>
     <span class='ocr_line' id='line_1_35' title="bbox 161 3074 972 3190; baseline 0.017 -59"><span class='ocrx_word' id='word_1_266' title='bbox 161 3074 192 3131; x_wconf 87' lang='grc' dir='ltr'>δὲ</span> <span class='ocrx_word' id='word_1_267' title='bbox 212 3077 329 3135; x_wconf 78' lang='grc' dir='ltr'>δεοι’</span> <span class='ocrx_word' id='word_1_268' title='bbox 289 3104 397 3184; x_wconf 86' lang='grc' dir='ltr'>παντως</span> <span class='ocrx_word' id='word_1_269' title='bbox 418 3084 446 3141; x_wconf 80' lang='grc' dir='ltr'>ἐς</span> <span class='ocrx_word' id='word_1_270' title='bbox 464 3082 549 3139; x_wconf 85' lang='grc' dir='ltr'>τοῦτο</span> <span class='ocrx_word' id='word_1_271' title='bbox 572 3082 642 3140; x_wconf 86' lang='grc' dir='ltr'>κατυὶ</span> <span class='ocrx_word' id='word_1_272' title='bbox 666 3082 753 3190; x_wconf 81' lang='grc' dir='ltr'>τόχρς</span> <span class='ocrx_word' id='word_1_273' title='bbox 777 3082 972 3155; x_wconf 74' lang='grc' dir='ltr'>ἀπικνέεσθαι,</span> 
     </span>
    </p>
   </div>
   <div class='ocr_carea' id='block_1_2' title="bbox 160 3160 972 3340">
    <p class='ocr_par' dir='ltr' id='par_1_6' title="bbox 160 3160 972 3340">
     <span class='ocr_line' id='line_1_36' title="bbox 160 3160 972 3281; baseline 0.014 -62"><span class='ocrx_word' id='word_1_274' title='bbox 160 3160 333 3237; x_wconf 75' lang='grc' dir='ltr'>τυγχάνουσι</span> <span class='ocrx_word' id='word_1_275' title='bbox 346 3164 415 3241; x_wconf 82' lang='grc' dir='ltr'>ημῖν</span> <span class='ocrx_word' id='word_1_276' title='bbox 428 3164 520 3227; x_wconf 83' lang='grc' dir='ltr'>ἐόντες</span> <span class='ocrx_word' id='word_1_277' title='bbox 531 3166 620 3242; x_wconf 85' lang='grc' dir='ltr'>τάφοι</span> <span class='ocrx_word' id='word_1_278' title='bbox 634 3169 777 3246; x_wconf 85' lang='grc' dir='ltr'>πατριύῖοι,</span> <span class='ocrx_word' id='word_1_279' title='bbox 786 3171 972 3281; x_wconf 78' lang='grc' dir='ltr'>φέρετε,τού-</span> 
     </span>
     <span class='ocr_line' id='line_1_37' title="bbox 160 3246 971 3340; baseline 0.026 -42"><span class='ocrx_word' id='word_1_280' title='bbox 160 3264 226 3304; x_wconf 90' lang='grc' dir='ltr'>τους</span> <span class='ocrx_word' id='word_1_281' title='bbox 238 3246 400 3321; x_wconf 74' lang='grc' dir='ltr'>ἀνευρόντες</span> <span class='ocrx_word' id='word_1_282' title='bbox 412 3251 545 3329; x_wconf 85' lang='grc' dir='ltr'>συγχέειν</span> <span class='ocrx_word' id='word_1_283' title='bbox 557 3256 744 3330; x_wconf 80' lang='grc' dir='ltr'>πειρᾶσθε’</span> <span class='ocrx_word' id='word_1_284' title='bbox 709 3257 818 3321; x_wconf 79' lang='grc' dir='ltr'>αυτούς</span> <span class='ocrx_word' id='word_1_285' title='bbox 840 3258 888 3317; x_wconf 86' lang='grc' dir='ltr'>καὶ</span> <span class='ocrx_word' id='word_1_286' title='bbox 901 3286 971 3340; x_wconf 87' lang='grc' dir='ltr'>γνω-</span> 
     </span>
    </p>
   </div>
   <div class='ocr_carea' id='block_1_3' title="bbox 0 0 1080 3500">
    <p class='ocr_par' dir='ltr' id='par_1_7' title="bbox 0 0 1080 3500">
     <span class='ocr_line' id='line_1_38' title="bbox 0 0 1080 3500; baseline 0 1"><span class='ocrx_word' id='word_1_287' title='bbox 0 0 1080 3500; x_wconf 95' lang='lat' dir='ltr'> </span> 
     </span>
    </p>
   </div>
  </div>
 </body>
</html>
