2150 3500
119 106 260 170 ιιι-ιιι]
412 109 639 161 Μυααοτιυυιι.
874 116 919 162 331

117 189 208 248 σεσθε
227 187 301 258 τότε,
319 189 373 248 εἴτε
390 187 457 265 ύμῖν
475 189 667 269 μαχησόμεθα
682 191 747 268 περὶ
759 192 923 268 τῶντάφων
971 209 974 215 ’

119 275 174 334 εἴτε
191 276 238 334 καὶ
256 275 289 334 ού
307 276 506 354 μαχησόμεθα·
526 277 664 355 πρότερον
682 279 719 349 δέ,
734 277 769 355 ἢν
781 280 822 356 μὴ
835 280 923 358 ἡμέας

116 363 206 444 λόγος
227 367 300 442 αἱρῇ,
323 364 355 424 ού
378 366 555 443 συμμίξομέν
578 392 632 426 τοι.
666 365 742 443 ἀμφὶ
768 369 821 444 μὲν
843 369 922 448 μάχῃ

116 456 246 513 τοσαῦτα
267 452 396 529 εἰρήσθω·
424 453 564 518 δεσπότας
584 455 614 513 δὲ
634 454 717 531 ἐμούς
737 456 791 536 ἐγώ
812 457 868 515 Δία
889 483 921 517 τε

117 543 220 618 νομίζω
237 538 287 602 τόν
305 541 372 618 ε’μὸν
386 542 533 622 πρόγονον,
548 544 594 602 καὶ
609 542 716 619 Ἱστίην
729 543 781 620 τὴν
795 545 923 608 Σκυθέων

116 629 280 704 βασιλειαν,
301 628 421 706 μούνους
444 630 523 690 εἶναι.
558 631 605 690 σοὶ
627 631 656 690 δέ
677 629 738 691 ἀντὶ
758 634 810 708 μὲν
831 632 923 710 δώρων

116 721 171 797 γῆς
192 743 223 777 τε
245 718 291 777 καὶ
313 717 412 781 ὕδατος
436 718 511 794 δῶρα
530 718 633 795 πέμψω
658 724 774 780 τοιαῦτα
801 720 846 780 οἶά
873 739 922 784 σοι

117 804 219 882 πρέπει
242 806 345 865 ἐλθεῖν·
372 804 433 866 ἀντὶ
453 806 483 864 δέ
505 810 556 865 τοῦ
577 805 620 865 ὅτι
648 806 787 882 δεσπότης
813 810 922 884 ἔφησας

119 892 189 953 εἶναι
204 893 278 969 ἐμός,
295 894 402 953 κλαίειν
419 891 520 974 λέγω.”
559 892 655 974 [τοῦτό
673 897 735 952 ἐστι
749 893 767 969 ἡ
782 893 838 954 όπό
853 897 922 959 Σκυ·

119 980 189 1040 θέων
208 980 315 1063 ῥῆσις]
354 981 371 1041 ὁ
394 984 446 1058 μὲν
469 980 504 1057 δὴ
525 981 614 1056 κῆρυξ
640 980 753 1060 οἰχώκεε
780 980 922 1063 ἀγγελέων

117 1072 207 1128 ταῦτα
221 1071 340 1148 Δαρείῳ.

161 1160 198 1217 Οἱ
213 1157 243 1216 δὲ
257 1158 385 1221 Σκυθέων
399 1159 537 1234 βασιλέες
550 1156 719 1221 ἀκούσαντες
735 1161 786 1232 τῆς
802 1157 968 1218 Romo-128

119 1251 207 1321 σύνης
225 1245 259 1305 τό
279 1245 392 1323 οὕνομα,
407 1247 494 1327 όργὴς
514 1246 713 1322 ἐπλήσθησαν.
753 1246 805 1321 τὴν
819 1249 872 1322 μὲν
885 1247 919 1323 δὴ

118 1333 191 1409 μετὰ
219 1334 421 1410 Σαυροματέων
451 1340 553 1411 μοῖραν
584 1334 740 1413 ταχθεῖσαν
770 1337 820 1410 τῆς
850 1333 921 1413 ἦρχε

121 1420 270 1485 Σκώπασις
294 1422 447 1498 πέμπουσι,
469 1420 550 1482 Ἴωσι
578 1421 736 1485 κελεύοντες
762 1427 790 1484 ἐς
816 1420 920 1502 λόγους

119 1507 280 1580 ἀπικέσθαι,
287 1510 414 1570 τούτοισι
427 1509 454 1569 οἳ
462 1509 512 1570 τόν
519 1508 636 1586 ’Ίστρον
646 1509 808 1589 ἐζευγμένον
819 1509 920 1585 ἐφρού·

120 1623 195 1673 ρεον·
218 1596 308 1657 αὐτῶν
321 1597 351 1657 δὲ
364 1602 441 1659 τοῖσι
456 1596 706 1674 ύπολειπομένοισι
720 1597 796 1675 ἔδοξε
808 1601 920 1658 πλανᾶν

120 1687 173 1763 μὲν
194 1687 293 1762 μηκέτι
317 1687 440 1764 Πέρσας,
463 1690 531 1746 σῖτα
553 1686 583 1744 δὲ
605 1686 739 1746 ἑκάστοτε
762 1683 920 1764 ἀναιρεομέ-

120 1800 196 1857 νοισι
210 1776 391 1835 ἐπιτίθεσθαι·
413 1779 554 1851 νωμῶντες
572 1774 610 1835 ὦν
625 1779 693 1835 σῖτα
711 1774 921 1852 ἀναιρεομένους

120 1862 185 1925 τούς
198 1864 318 1939 Δαρείου
338 1863 448 1922 ἐποίευν
462 1862 499 1922 τά
515 1864 740 1940 βεβουλευμένα.
781 1863 801 1939 ἡ
818 1866 871 1939 μὲν
886 1863 921 1939 δὴ

122 1952 206 2014 ἵππος
223 1950 276 2026 τὴν
294 1950 380 2009 ἵππον
398 1950 451 2008 αἰεὶ
469 1950 607 2025 τρέπεσκε
626 1951 645 2025 ἡ
666 1955 722 2010 τῶν
735 1952 873 2015 Σκυθέων·
894 1954 921 2010 οἱ

121 2039 151 2098 δὲ
171 2044 226 2099 τῶν
247 2037 381 2113 Περσέων
404 2035 520 2096 ἱππόται
544 2036 870 2116 φεύγοντεςέσέπιπτον
893 2042 920 2101 ἐς

120 2126 170 2187 τόν
189 2124 282 2196 πεζόν·
303 2123 464 2194 ὄδέπεζὸς
482 2121 517 2183 ἂν
538 2122 694 2199 ἐπεκούρεε·
715 2127 742 2182 οἱ
763 2123 792 2181 δὲ
813 2123 928 2187 Σκύθαι

121 2213 306 2289 ἐσαράξαντες
321 2210 374 2286 τὴν
393 2212 479 2271 ἵππον
496 2210 684 2287 ύπέστρεφον,
701 2209 750 2271 τόν
765 2211 849 2281 πεζόν
869 2217 920 2286 φο-

120 2300 262 2377 βεόμενοι.
303 2302 446 2358 ἐποιεῦντο
468 2298 497 2358 δὲ
516 2298 563 2357 καὶ
582 2298 632 2361 τάς
652 2297 751 2361 νύκτας
770 2302 919 2374 παραπλη-

120 2390 186 2451 σίας
198 2386 367 2465 προσβολάς
380 2389 407 2445 οἱ
424 2386 538 2450 Σκύθαι.
579 2386 618 2445 Τό
633 2386 662 2445 δὲ
677 2390 754 2445 τοῖσι
767 2386 903 2464 Πέρσῃσί
911 2388 946 2446 12
950 2391 967 2447 9

120 2502 151 2535 τε
163 2475 198 2552 ἦν
216 2477 368 2556 σύμμαχον
381 2476 427 2534 καὶ
446 2478 523 2534 τοῖσι
545 2473 671 2555 Σκύθησι
691 2473 818 2545 α’ντίξοον
836 2480 919 2534 ἐπιτι-

121 2565 263 2641 θεμένοισι
283 2568 321 2644 τῷ
337 2564 458 2641 Δαρείου
476 2564 665 2643 στρατοπέδῳ,
686 2564 767 2640 θῶμα
784 2563 921 2643 μέγιστον

121 2654 197 2730 ἐρέω·
214 2657 268 2714 τών
280 2679 311 2713 τε
324 2651 394 2713 όνων
406 2650 425 2727 ἡ
439 2652 518 2727 φωνὴ
532 2652 578 2709 καὶ
591 2654 646 2711 τῶν
658 2650 780 2727 ἡμιόνων
793 2650 826 2710 τό
839 2650 920 2714 εἶδος.

121 2739 251 2819 οὔτεγὰρ
264 2740 329 2801 ὄνον
342 2740 405 2800 οὔτε
419 2738 537 2815 ἡμίονον
550 2765 587 2819 γη
601 2737 620 2813 ἦ
640 2738 762 2817 Σκυθικὴ
777 2738 865 2813 φέρει,
884 2738 920 2802 ώς

122 2826 169 2886 καὶ
181 2825 316 2903 πρότερόν
327 2853 378 2904 μοι
390 2826 552 2903 δεδήλωται·
574 2824 636 2883 οὐδὲ
650 2826 710 2883 ἐστι
725 2828 754 2883 ἐν
771 2828 807 2901 τῇ
822 2825 920 2888 Σκυθι-

122 2916 158 2992 κῇ
171 2911 251 2991 πάσῃ
262 2914 340 2992 χώρη
353 2915 386 2973 τὰ
404 2914 537 2992 παράπαν
557 2913 620 2973 οὔτε
635 2909 706 2982 ὄνος,
722 2911 784 2971 οὔτε
797 2911 920 2988 ἡμίονος,

121 3001 169 3061 διά
190 3000 227 3060 τά
253 3000 354 3079 ψύχεα.
394 3001 555 3078 ύβρίζοντες
576 3000 613 3060 ὧν
633 3003 660 3060 οἱ
680 2997 739 3060 ὄνοι
760 2999 921 3075 ἐτάρασσον

119 3090 173 3166 τὴν
186 3089 272 3148 ἵππον
285 3093 339 3149 τῶν
353 3090 489 3153 Σκυθέων·
508 3088 649 3153 πολλάκις
662 3089 700 3159 δὲ,
715 3089 922 3149 ἐπελαυνόντων

122 3179 168 3239 ἐπὶ
183 3178 248 3243 τούς
268 3180 393 3256 Πέρσας,
406 3178 511 3255 μεταξύ
532 3179 602 3242 ὅκως
621 3177 771 3238 ἀκούσειαν
791 3180 818 3236 οἱ
840 3178 922 3237 ἵπποι

119 3271 176 3328 τῶν
196 3266 265 3328 ὄνων
285 3269 337 3345 τῆς
358 3268 461 3342 φωνὴς,
481 3265 675 3343 ἐταράσσοντό
694 3291 725 3326 τε
744 3264 921 3343 ύποστρεφό-
