2150 3500
161 103 209 150 ιιι
464 98 651 150 τιιοκοτοτ
905 97 969 164 [ιν.

157 179 313 255 ποιήσουσι
330 177 367 237 τό
386 177 518 255 Σκύθῃσί
535 181 599 236 ἐστι
618 182 648 236 ἐν
666 177 764 256 ἡδονῇ.
805 181 900 236 ταῦτα
918 179 972 253 μὲν

157 268 337 344 προσέθηκαν
353 269 389 344 τῇ
406 264 514 347 γνώμῃ·
534 265 606 341 μετὰ
624 265 663 335 δὲ,
677 269 708 322 ἐκ
725 263 842 324 πόντων
857 265 970 342 ύττεκρί-

159 382 227 416 νατο
239 355 371 417 Ἱστιαῖος
382 353 448 415 τόδε
461 354 562 434 λέγων·
584 363 602 388 “
610 351 706 430 ἄνδρες
719 353 838 424 Σκύθαι,
851 355 970 433 χρηστὰ

159 443 241 519 ἥκετε
263 445 396 520 φέροντες
422 443 468 501 καὶ
492 447 520 506 ἐς
548 439 644 548 καιρόν
667 441 828 522 ἐπείγεσθε·
860 444 911 502 καὶ
933 469 970 502 τα

158 557 191 590 τε
215 530 263 590 ἀπ’
278 530 375 606 -ύμέων
397 529 466 607 ἡμῖν
489 534 621 609 χρηστῶς
643 528 757 589 ὁδοῦται
780 556 830 589 και
854 531 894 590 τὰ
921 531 969 590 ἀπ’

158 619 251 725 ἡμέων
276 624 305 681 ἐς
329 618 415 694 ύμέας
441 618 631 695 ἐπιτηδέως
613 618 805 727 υπηρετέεται·
843 618 883 682 οἷς
912 646 969 700 γαρ

120 760 124 764 Α
158 706 250 784 ὁρᾶτε,
268 733 314 765 και
304 706 482 784 λύομεν
450 734 499 767 τον
514 705 604 785 πόρον
622 733 668 765 και
658 708 851 820 προθυμίην
868 711 968 768 πᾶσαν

161 793 267 871 ἕξομεν,
292 796 421 858 θέλοντες
445 795 515 856 εἶναι
542 795 692 872 ἐλεύθεροι·
721 801 751 855 ἐν
774 793 795 874 ᾧ
825 796 856 854 δὲ
883 794 968 906 ἡμέες

158 883 225 943 τόδε
248 883 394 960 λύομεν,
377 885 464 961 υμέας
484 882 579 994 καιρός
600 888 662 943 ἐστι
683 883 851 958 δίζησθαι’
838 885 966 960 εκείνους,

161 971 291 1049 εύρόντας
306 971 375 1041 δὲ,
358 972 429 1048 υπέρ
443 998 475 1033 τε
490 971 584 1048 ἡμέων
597 972 642 1030 καὶ
654 970 744 1049 ύμέων
760 971 898 1031 αύτων
864 998 967 1032 τισοσ·

160 1061 208 1120 θαι
221 1059 340 1124 οὕτως’
320 1086 356 1123 ως
368 1061 473 1123 κείνους
484 1057 610 1138 πρέπειῗ

116 1149 172 1206 140
202 1147 308 1211 Σκύθαι
320 1149 372 1224 μὲν
381 1146 414 1206 τό
428 1147 556 1224 δεύτερον
563 1146 645 1207 Ἴωσι
657 1145 863 1209 πιστεύσαντες
872 1148 963 1228 λέγειι

160 1235 278 1312 α’ληθέα,
291 1235 472 1312 ὑπέστρεφον
490 1235 537 1294 ἐπὶ
553 1235 670 1312 ζήτησιν
681 1239 736 1294 τῶν
749 1234 899 1312 Περσέων·
921 1235 966 1293 καὶ

159 1323 322 1402 ἡμοὴιτανον
340 1323 436 1400 πόσης
455 1327 506 1399 τῆς
525 1325 634 1383 ἐκείνων
654 1321 787 1394 διεξόδου.
830 1323 918 1382 αἴτιοι
937 1323 967 1382 δὲ

160 1412 262 1494 τούτου
286 1411 366 1472 αύτοὶ
390 1415 417 1472 οἱ
438 1411 561 1476 Σκύθαι·
553 1409 759 1492 ἐγένοντο,
723 1437 773 1474 τας
797 1411 888 1487 νομός
910 1415 966 1470 τῶν

162 1499 254 1560 ἵππων
273 1501 323 1563 τοὶς
342 1499 428 1578 ταύτῃ
450 1499 658 1576 διαφθείραντες
678 1498 724 1557 καὶ
738 1497 775 1558 6
790 1498 880 1558 ὕδατα
897 1525 966 1580 συγ

160 1587 312 1665 χύσαντες·
333 1593 358 1648 εί
376 1589 432 1668 γὰρ
451 1591 540 1646 ταῦτα
559 1588 600 1662 μὴ
621 1587 765 1662 ἐποίησαν,
787 1590 908 1665 παρεῖχε
931 1585 966 1646 ἅν

162 1681 227 1751 σφι,
242 1679 266 1734 εἰ
283 1676 451 1753 ἐβούλοντο,
465 1675 598 1737 εύπετέως
612 1674 743 1751 ἐξαιρέειν
755 1674 822 1736 τούς
839 1675 965 1752 Πέρσας·

160 1766 209 1822 νῦν
230 1763 268 1833 δὲ,
286 1763 323 1823 τό
344 1770 401 1839 σφι
423 1763 515 1823 ἐδόκεε
535 1761 639 1840 ἄριστα
657 1764 876 1839 βεβουλεῦσθαι
894 1762 966 1821 κατὰ

161 1854 249 1909 ταῦτα
265 1850 447 1928 ἐσφάλησαν.
488 1850 594 1916 Σκύθαι
613 1850 665 1927 μέν
685 1876 733 1911 νυν
752 1855 804 1926 τὴς
824 1852 967 1927 σφετέρης

162 1938 253 2018 χώρης
266 1945 301 2019 τῇ
314 1940 396 2021 χιλός
405 1966 440 2001 ,τε
452 1944 531 2000 τοῖσι
545 1940 657 1999 ἵπποισι
671 1940 717 1998 καὶ
726 1938 814 1998 ὕδατα
824 1938 868 2014 ἦν,
877 1938 966 2018 ταύτῃ

163 2028 308 2099 διεξιόντες
338 2030 461 2105 ἐδίζηντο
484 2028 549 2091 τούς
575 2027 797 2103 αντιπολεμίους,
823 2027 966 2090 δοκέοντες

164 2118 210 2176 καὶ
227 2122 345 2181 ἐκείνους
365 2117 409 2177 δια
426 2115 558 2176 τοιούτων
571 2116 623 2190 τὴν
636 2114 795 2191 ἀπόδρησιν
806 2114 965 2174 ποιέεσθαι·

164 2232 191 2265 οι
183 2206 242 2265 δὲ
263 2206 297 2282 δὴ
326 2207 438 2282 Πέρσαι
463 2204 514 2263 τόν
533 2202 670 2281 πρότερον
690 2205 796 2263 εωυτῶν
815 2201 966 2283 γενόμενον

163 2295 275 2369 στίβον,
289 2298 389 2355 τοῦτον
409 2290 608 2369 φυλάσσοντες
627 2290 713 2366 ἤϊσαν
733 2290 867 2349 καὶοῦτω
883 2289 966 2370 μόγις

165 2378 246 2457 εὗρον
265 2382 316 2441 τόν
335 2381 432 2457 πόρον·
453 2380 500 2439 οἷα
519 2378 550 2437 δὲ
563 2377 666 2442 νυκτός
685 2404 717 2438 τε
737 2377 902 2455 ἀπικόμενοι
919 2378 966 2436 καὶ

163 2468 368 2543 λελυμένης
329 2493 383 2542 της
400 2466 553 2548 γεφύρης’
541 2465 708 2575 εντυχόντες,
723 2470 750 2527 ἐς
767 2468 866 2525 πᾶσαν
878 2463 965 2541 όρρω·

164 2554 224 2630 δίην
244 2553 364 2613 ἀπίκατο
386 2581 426 2631 μη
419 2554 589 2664 σφεας
565 2570 591 2614 οι
613 2552 741 2616 ΜἸωνες
727 2578 794 2611 εωσι
814 2551 964 2611 ἀπολελοι·

119 2642 277 2705 141πότες
309 2640 382 2702 Ἢν
396 2642 426 2701 δὲ
458 2642 523 2718 περὶ
550 2644 671 2718 Δαρεῖον
704 2639 774 2717 ἅνὴρ
805 2638 964 2784 Αιγύπτιος,

164 2732 277 2807 φωνέων
293 2731 429 2812 μέγιστον
446 2728 605 2807 ἀνθρώπων·
626 2734 726 2789 τοῦτον
739 2726 845 2809 [δὴ]
813 2752 863 2787 τον
878 2724 966 2802 ἄνδρα

165 2819 343 2880 καταστάντα
367 2821 413 2879 ἐπὶ
435 2845 485 2879 του
472 2818 616 2896 χείλεος
635 2821 708 2877 τοῦ
703 2814 828 2893 Ιστρου,
852 2816 964 2873 ἐκέλευε

164 2912 283 2983 Δαρεῖος
309 2908 419 2967 καλέειν
447 2906 582 2965 Ἱστιαῖον
608 2904 766 2979 Μιλήσιον.
807 2902 823 2963 6
849 2904 903 2979 μὲν
929 2900 963 2977 δὴ

163 2995 253 3051 ἐποίεε
275 2999 374 3052 ταῦτα·
403 2994 535 3053 Ἱστιαῖος
558 2992 588 3050 δέ
615 2988 776 3055 ἐπακούσας
801 2993 840 3069 τῷ
865 2989 963 3068 τρόπῳ

162 3078 395 3152 κελεύσματι,
359 3106 409 3141 τας
427 3106 459 3137 τε
478 3080 542 3140 νέας
562 3077 675 3140 &vde-as
684 3082 812 3157 παρεῖχε
832 3078 962 3152 διαπορθ-

160 3161 253 3229 μεύειν
285 3162 337 3234 τὴν
370 3165 506 3239 στρατιὴν
540 3165 586 3221 καὶ
619 3164 671 3239 τὴν
703 3165 831 3244 γέφυραν
866 3164 963 3234 ἔζευξε.

33 3329 72 3391 ι
116 3240 172 3293 142
182 3244 344 3314 Πέρσαι
310 3271 362 3317 μεν
375 3248 413 3306 ὧν
429 3248 499 3307 ούτω
518 3248 698 3331 ἐκφεύγουσι·
720 3252 827 3316 Σκύθαι
846 3251 877 3311 δέ
891 3249 963 3325 διζὴ
