2150 3500
113 98 255 164 ιιι-111]
367 141 370 147 .
445 101 581 151 emm
865 99 912 152 271

135 177 144 199 Ι
328 181 344 203 Ι.
422 178 431 199 0
457 180 467 201 Ι
523 179 532 199 9
552 178 581 201 ,9
608 178 616 200 ἶ
656 178 665 199 ἱ
727 180 736 202 Ι
888 182 897 204 ἱ

110 204 165 258 νοῳ
183 177 241 258 εἶχε
257 204 380 256 μετιευαι
395 204 492 255 αυτην·
513 184 574 241 αλλ
595 206 631 244 ως
646 205 808 260 ανεχωρησε
821 184 850 246 ὃς
861 208 915 259 την

110 264 273 342 άκρόπολιν,
282 267 530 343 μεταπεμπόμενος
540 268 588 328 ἕνα
601 268 721 328 ἕκαστον
731 268 767 331 οἷς
780 268 814 344 δή
824 269 912 350 λόγον

108 358 165 413 τῶν
176 353 327 432 χρημάτων
341 353 445 426 δάσων,
454 356 599 432 συνέλαβέ
611 362 704 430 σφεας
712 358 758 415 καὶ
767 358 912 433 κατέδησε·

109 444 137 501 οἱ
152 445 204 518 μὲν
222 442 259 517 δή
276 442 409 502 ἐδεδέατο·
431 442 605 520 Μαιάνδριον
618 444 648 502 δὲ
660 444 733 520 μετά
745 450 833 505 ταῦτα
849 472 911 506 κατ-

109 529 200 606 έλαβε
213 533 323 594 νοῦσος·
345 530 464 601 ἐλπίζων
476 530 509 590 δέ
520 556 570 607 μιν
582 529 789 591 ἀποθανέεσθαι
801 532 818 592 ὁ
832 531 912 594 άδελ-

108 617 186 692 φεδς,
202 622 242 697 τῷ
261 617 368 695 οὔνομα
385 618 432 694 ἔην
451 617 623 695 Λυκάρητος,
645 619 690 679 ἵνα
711 618 912 698 εὐπετεστέρως

108 704 239 785 κατάσχῃ
251 705 287 765 τοὶ
301 709 375 785 ε’ντῇ
390 706 475 784 Σάμῳ
488 704 650 786 πρήγματα,
665 708 834 766 κατακτείνει
846 710 911 774 τούς

107 791 253 869 δεσμώτας
265 794 380 859 πάντας.
415 792 447 854 ού
460 792 514 874 γάρ
528 793 572 870 δή,
587 793 623 857 οἷς
635 794 737 865 οἴκασι,
753 796 908 871 ἐβουλέατο

107 879 177 940 εἶναι
192 880 341 959 ἐλεύθεροι.

146 966 261 1044 Ἐπειδή
282 968 319 1028 ὧν
340 967 473 1029 άπίκοντο
494 974 521 1034 ές
541 968 593 1046 τήν
613 970 710 1047 Σάμον
730 974 757 1031 οἱ
777 972 890 1047 Πέρσαι
900 975 954 1034 144

106 1055 273 1136 κατάγοντες
289 1058 469 1126 Συλοσῶντα,
484 1056 549 1118 ούτε
563 1059 606 1121 τίς
623 1066 680 1135 σφι
695 1062 792 1138 χεῖρας
805 1059 910 1119 α’νταεί-

103 1167 183 1218 ρεται
203 1142 379 1204 ύπόσπονδοί
399 1170 431 1205 τε
452 1145 566 1220 ἔφασαν
588 1145 657 1205 εἶναι
679 1149 785 1223 ἑτοῖμοι
806 1149 833 1206 οἱ
858 1152 909 1208 τοῦ

104 1231 279 1308 Μαιανδρίου
297 1236 455 1293 στασιῶται
472 1232 518 1291 καὶ
537 1230 621 1296 ούτύς
640 1231 813 1310 Μαιάνδριος
826 1240 909 1314 ε’κχω-

102 1320 192 1393 ρῆσαι
208 1324 238 1378 ἐκ
254 1323 305 1395 τῆς
320 1319 419 1395 νήσου·
441 1321 656 1382 καταινέσαντος
672 1318 696 1378 δ’
715 1321 761 1379 ε’πὶ
781 1321 908 1382 τούτοισι

102 1403 227 1466 Ὀτάνεω
240 1408 287 1466 καὶ
300 1410 501 1484 σπεισαμέναυ,
514 1412 570 1467 τῶν
584 1407 718 1483 Περσέων
731 1410 758 1466 οἱ
771 1410 908 1469 πλείστου

101 1489 176 1562 άξιοι
196 1494 312 1572 θρόνους
336 1496 447 1572 θέμενοι
469 1496 645 1556 κατεναντίον
664 1497 715 1570 τῆς
737 1493 907 1572 α’κροπόλιος

101 1582 244 1642 ε’κατέατο.
278 1583 441 1661 Μαιανδρίῳ
459 1583 489 1641 δὲ
506 1586 546 1661 τῷ
562 1582 684 1661 τυράννῳ
697 1580 732 1658 ἦν
748 1582 952 1660 α’δελφεδς145

99 1667 329 1752 ύπομαργότερος
348 1676 387 1750 τῷ
403 1669 509 1748 ούνομα
526 1670 562 1746 ἦν
578 1671 732 1749 Χαρίλεως·
753 1669 835 1735 οὗτος
848 1671 864 1732 ὅ
876 1698 904 1733 τι

99 1756 135 1833 δή
156 1759 318 1836 ε’ξαμαρτιδν
332 1763 361 1820 έν
373 1759 498 1840 γοργύρῃ
515 1759 631 1833 ἐδέδετο·
653 1759 699 1817 καὶ
712 1759 746 1834 δή
759 1759 824 1820 τότε
838 1765 904 1820 ε’πα-

98 1844 204 1911 κούσας
216 1872 248 1906 τε
259 1846 296 1907 τά
308 1846 495 1925 πρησσόμενα
509 1846 556 1905 καὶ
569 1846 704 1925 διακύψας
717 1845 762 1905 διαὶ
774 1850 826 1923 τῆς
836 1874 902 1929 γορ-
934 1916 936 1919 ,

96 1933 194 2013 γύρης,
215 1934 251 1999 οἷς
271 1935 327 1995 εἶδε
346 1934 411 1998 τούς
431 1934 549 2011 Πέρσας
569 1935 709 2011 εἰρηναίως
726 1934 902 2011 κατημένους,

97 2021 172 2097 ἐβόα
186 2048 218 2083 τε
234 2023 280 2081 καὶ
295 2024 351 2098 ἔφη
368 2023 460 2103 λέγων
478 2020 641 2100 Μαιανδρίῳ
655 2021 748 2082 θελειν
761 2022 855 2082 ἐλθεῖν
873 2029 900 2088 ές

95 2108 210 2190 λόγους·
231 2109 388 2174 ἐπακούσας
401 2110 431 2170 δὲ
443 2108 460 2170 ὅ
474 2108 647 2184 Μαιάνδριος
658 2107 801 2172 λύσαντας
814 2108 900 2171 αύτδν

97 2199 211 2258 ε’κέλευε
220 2197 298 2280 ἄγειν
311 2196 376 2274 παρ’
385 2196 494 2258 ἑωυτόν·
515 2195 552 2260 οἷς
565 2196 595 2255 δὲ
608 2194 683 2274 ἄχθη
695 2195 827 2274 τάχιστα,
840 2200 899 2257 λοι-

96 2283 200 2362 δορέων
212 2311 243 2346 τε
260 2287 306 2345 καὶ
327 2286 442 2358 κακίζων
455 2310 504 2362 μιν
517 2282 645 2344 ἀνέπειθε
663 2284 811 2344 ἐπιθέσθαι
823 2289 900 2345 τοῖσι

97 2373 240 2452 Πέρσῃσι,
260 2374 351 2453 λέγων
370 2371 474 2434 τοιάδε·
503 2373 574 2449 “ε’μὲ
592 2374 653 2448 μὲν,
675 2370 697 2431 ὦ
717 2370 833 2432 κάκιστε
852 2370 897 2433 οἷν-

95 2458 177 2537 δρῶν,
191 2461 271 2522 ε’όντα
285 2464 407 2522 σεωυτοῦ
420 2459 560 2537 ἀδελφεόν
573 2459 619 2520 καὶ
633 2458 806 2536 ἀδικήσαντα
819 2459 898 2521 ούδέν

94 2545 174 2618 ἄξιον
196 2549 304 2626 δεσμοῦ
325 2549 414 2625 δήσας
436 2547 578 2630 γοργύρης
603 2547 735 2624 η’ξίωσας,
759 2546 845 2626 ὁρέων
868 2549 898 2608 δὲ

93 2634 160 2700 τούς
173 2637 289 2714 Πέρσας
306 2636 501 2713 ἐκβάλλοντάς
512 2661 545 2697 τε
557 2661 592 2696 σε
606 2636 652 2695 καὶ
666 2635 777 2696 άνοικον
789 2639 895 2696 ποιεύν-

94 2747 153 2794 τας,
168 2724 200 2784 ού
212 2729 322 2806 τολμᾷς
334 2725 471 2785 τίσασθαι
485 2723 556 2785 οὕτω
569 2723 604 2799 δή
616 2749 645 2783 τι
658 2722 754 2787 ε’όντας
767 2722 897 2788 εὐπετέας

92 2813 278 2890 χειρωθῆναι;
298 2812 364 2873 ἀλλ’
375 2812 439 2872 εἴτι
452 2811 491 2872 σύ
500 2817 593 2888 σφεας
606 2811 825 2887 καταρρώδηκας,
834 2811 897 2888 ε’μοὶ

93 2898 143 2961 δός
160 2899 225 2963 τούς
245 2899 417 2977 ἐπικούρους·
443 2901 493 2960 καί
510 2905 603 2974 σφεας
624 2898 678 2978 ε’γιδ
696 2896 893 2974 τιμωρήσομαι

90 2989 144 3061 τῆς
167 2987 263 3047 ἐνθάδε
286 2986 404 3057 ἀπίξιος,
422 2985 508 3047 αύτδν
529 2986 561 3045 δέ
580 3010 615 3045 σε
635 2985 776 3063 ἐκπέμψαι
797 2989 828 3044 εἰς
844 2988 896 3061 τῆς

91 3073 182 3150 νήσου
206 3075 316 3152 ἑτοῖμός
337 3073 418 3152 εἷμι.”
454 3078 549 3135 Ταῦτα
571 3073 649 3144 ἔλεξε
674 3072 692 3132 ό
719 3073 874 3149 Χαρίλεως·
885 3075 941 3134 146

91 3160 265 3240 Μαιάνδριος
277 3162 308 3222 δὲ
319 3161 449 3238 ύπέλαβε
460 3160 511 3221 τόν
520 3159 617 3242 λόγον,
626 3160 662 3224 οἷς
674 3161 726 3237 μὲν
736 3158 791 3240 ε’γιδ
801 3158 894 3229 δοκέω,

91 3247 143 3309 οὐκ
164 3253 192 3312 ές
210 3252 294 3309 τοῦτο
316 3248 479 3326 ἀφροσύνης
498 3246 665 3325 ἀπικόμενος
685 3247 722 3310 οἷς
742 3245 821 3316 δόξαι
841 3245 894 3321 τήν
