2150 3500
171 71 204 119 οι
478 69 663 125 Ἤτοιουοτ
949 70 996 136 [1.
1056 55 1057 66 ’

170 148 255 210 αύτόν
266 149 355 231 λόγον
366 153 405 228 τῷ
416 150 511 228 τείχεϊ,
526 153 610 210 τοῦτο
624 150 654 210 δὲ
667 150 738 210 κατὰ
752 150 845 228 μέσην
858 175 912 212 κου
926 151 997 229 μά-

170 241 258 298 λιστα
271 237 325 312 τῆν
341 236 436 308 πόλιν,
453 241 532 297 τοῖσι
547 239 656 298 λίθοισι
673 237 738 302 τούς
755 237 880 316 ὠρύξατο
900 243 989 300 οἰκο-

170 325 253 402 δόμεε
272 326 400 406 γέφυραν
419 325 523 386 δέουσα
544 325 608 389 τούς
629 327 727 388 λίθους
748 325 855 405 σιδήρῳ
874 352 908 387 τε
934 329 988 388 καὶ

169 413 316 493 μολύβδῳ.
357 413 526 474 ἐπιτείνεσκε
540 412 570 472 δὲ
580 411 622 472 ἐπ’
633 412 727 488 αύτῆν,
738 413 807 477 ὅκως
819 417 872 490 μὲν
881 413 987 494 ῆμέρη

167 502 285 584 γένοιτο,
300 501 372 570 ξύλα
390 499 550 582 τετράγωνα
570 499 612 560 ἐπ’
626 497 664 560 ὧν
679 501 731 576 τῆν
745 500 882 577 διάβασιν
899 507 986 563 ε’ποι-

169 594 248 651 εῦντο
264 592 291 649 οἱ
307 588 496 666 Βαβυλώνιοι·
516 587 567 653 τάς
585 587 616 647 δὲ
633 587 734 652 νύκτας
745 588 781 649 τὰ
794 588 867 658 ξύλα
884 594 984 651 ταῦτα

168 676 355 755 ἀπαιρέεσκον
370 676 453 737 τοῦδε
469 675 568 747 εἵνεκα,
583 677 627 736 ἵνα
642 675 683 753 μῆ
700 675 909 752 διαφοιτέοντες
927 676 983 742 τὰς

167 765 267 828 νύκτας
280 765 427 825 κλέπτοιεν
435 763 502 842 ’παρ’
512 762 657 840 ἀλλήλων.
684 763 720 827 οἷς
730 765 759 824 δὲ
769 762 802 824 τό
811 790 843 825 τε
853 764 982 844 ὀρυχθὲν

168 853 254 930 λίμνη
266 851 378 929 πλήρης
389 851 515 932 ἐγεγόνεε
527 851 583 912 ύπδ
593 855 643 912 τοῦ
656 855 785 928 ποταμοῦ
798 853 845 912 καὶ
858 851 896 912 τοὶ
909 854 981 931 περὶ

166 939 220 1015 τῆν
229 940 357 1020 γέφυραν
370 938 551 1015 ἐκεκόσμητο,
565 940 615 999 τδν
629 938 784 1018 Εὐφρήτην
802 939 939 1017 ποταμόν
953 945 981 1005 ές

167 1027 203 1089 τά
216 1027 322 1107 ἀρχαῖα
339 1027 440 1105 ῥέεθρα
458 1031 489 1086 ἐκ
505 1029 557 1103 τῆς
574 1027 677 1104 λίμνης
690 1026 819 1109 ἐξήγαγε·
841 1029 889 1088 καὶ
902 1027 980 1089 οὕτω

170 1114 202 1176 τό
214 1115 332 1194 ὀρυχθὲν
345 1117 409 1178 ἕλος
425 1113 576 1197 γενόμενον
588 1119 616 1177 ές
629 1113 692 1174 δέον
709 1113 801 1175 ἐδόκεε
817 1116 978 1196 γεγονέναι,

170 1203 217 1262 καὶ
228 1207 306 1263 τοῖσι
317 1202 472 1282 πολιήτῃσι
484 1204 597 1283 γέφυρα
609 1200 644 1278 ἦν
657 1204 917 1279 κατεσκευασμένη.

122 1293 179 1353 187
213 1291 251 1352 Ἡ
263 1291 286 1352 δ’
295 1291 365 1368 αύτῆ
373 1291 443 1367 αὕτη
452 1291 591 1368 βασίλεια
604 1291 651 1350 καὶ
665 1289 774 1366 ἀπάτην
785 1290 898 1365 τοιήνδε
909 1289 978 1352 τινά

168 1379 376 1459 ε’μηχανήσατο·
396 1378 466 1455 ύπέρ
481 1381 538 1438 τοῖν
552 1377 681 1456 μάλιστα
698 1378 848 1457 λεωφόρων
861 1380 979 1442 πυλέων

167 1472 218 1527 τοῦ
241 1467 343 1530 ἄστεος
363 1465 457 1542 τάφον
477 1469 564 1544 ἑωυτῇ
588 1464 813 1527 κατεσκευάσατο
833 1467 978 1545 μετέωρον

168 1558 306 1629 ἐπιπολῆς
323 1552 426 1614 αὐτέων
441 1557 497 1614 τῶν
512 1553 633 1614 πυλέων·
660 1553 813 1632 ἐνεκόλαψε
829 1554 859 1614 δὲ
876 1559 904 1618 ές
922 1555 975 1616 τόν

166 1642 259 1718 τάφον
273 1640 426 1721 γράμματα
441 1641 564 1722 λέγοντα
577 1641 654 1702 τάδε·
682 1647 763 1702 ΤΩΝ
780 1642 843 1707 TI}
860 1649 974 1704 ΕΜΕΥ

166 1729 352 1795 ιΥΣἸῈΡΟΝ
377 1734 616 1791 ΓΙΝΟΜΕΝΩΝ
639 1731 876 1797 ΒΑΒΥΛΩΝΟΣ
908 1737 976 1793 ΒΑ·

168 1819 315 1884 ΣΙΛΕΩΝ
328 1823 386 1877 ΗΝ
404 1818 599 1883 ΣΠΑΝῙΣΗῙ
617 1823 846 1890 ΧΡΗΜΑΤΩΝ,
859 1824 974 1879 ΑΝΟΙ·

167 1906 242 1971 EA}
260 1911 340 1965 ΤΟΝ
355 1912 488 1967 ΤΑΦΟΝ
504 1912 659 1966 ΛΑΒΕΤΩ
671 1906 815 1971 ὈΚΟΣΑ
827 1912 971 1968 ΒΟΥΛΕ·

168 2000 232 2053 ΤΑῙ
250 2000 451 2054 ΧΡΗΜΑΤΑ.
492 1999 555 2053 ΜΗ
571 1999 724 2054 ΜΕΝΤΟΙ
737 2000 786 2054 ΓΕ
800 2000 862 2055 ΜΗ
878 1996 972 2061 ΣΠΑ·

169 2084 289 2149 NEA}
302 2088 360 2154 ΓΕ,
374 2083 504 2147 ΑΛΛΩΣ
519 2084 697 2147 ΑΝΟΙΞΗῙ·
711 2087 764 2142 ΟΥ
772 2088 846 2143 ΓΑΡ
857 2089 970 2143 ΑΜΕΙ-

169 2176 266 2232 NON.
306 2168 387 2234 οὗτος
407 2170 424 2231 ό
444 2170 536 2247 τάφος
561 2168 597 2246 ἦν
623 2169 751 2247 άκίνητος
776 2171 861 2249 μέχρι
886 2168 920 2230 ού
935 2174 969 2233 ’ἔς

154 2260 289 2336 ’Δαρεῖον
304 2258 440 2336 περιῆλθε
452 2258 471 2333 ή
481 2256 633 2334 βασιληίη·
655 2258 764 2337 Δαρείῳ
777 2258 807 2318 δὲ
821 2258 867 2317 καὶ
881 2257 970 2319 δεινόν
1056 2266 1057 2269 ’

167 2347 259 2406 ἐδόκεε
280 2346 349 2406 εἶναι
367 2349 436 2423 τῇσι
454 2345 565 2424 πύλῃσι
580 2345 700 2425 ταύτῃσι
720 2346 806 2423 μηδὲν
825 2344 968 2425 χρέεσθοι,

167 2433 214 2491 καὶ
232 2431 383 2511 χρημάτων
402 2434 532 2510 κειμένων
551 2433 597 2492 καὶ
615 2432 705 2493 αὐτῶν
721 2433 788 2515 [τῶν
807 2432 969 2516 χρημάτων]

167 2520 395 2597 ἐπικαλεομένων,
408 2519 449 2597 μῆ
468 2519 617 2598 ούλαβεῖν
629 2520 709 2581 αύτά·
730 2526 797 2600 τῇσι
814 2522 844 2581 δὲ
861 2521 968 2600 πύλῃσι
1056 2552 1057 2571 ι

167 2613 288 2687 ταύτῃσι
300 2606 379 2667 οὐδέν
392 2612 493 2686 ἐχρᾶτο
502 2609 584 2669 τοῦδε
594 2609 692 2680 εἵνεκα
706 2608 749 2670 ὅτι
761 2608 832 2686 ύπέρ
843 2614 968 2685 κεφαλῆς

167 2700 196 2758 οἱ
216 2698 321 2779 ε’γίνετο
341 2694 358 2755 ό
379 2694 474 2772 νεκρός
495 2696 706 2765 διεξελαύνοντι·
735 2696 845 2779 ἀνοίξας
865 2697 896 2757 δὲ
920 2697 968 2757 τόν

166 2785 267 2863 τάφον,
288 2782 351 2863 εἶρε
371 2783 504 2863 χρήματα
528 2787 581 2861 μὲν
607 2783 647 2854 ού,
668 2783 718 2845 τόν
739 2785 769 2844 δὲ
793 2784 899 2862 νεκρόν,
922 2786 967 2845 καὶ

166 2874 320 2955 γράμματα
332 2872 454 2953 λέγοντα
465 2871 541 2932 τόδε·
562 2878 603 2933 ΕΙ
616 2878 679 2931 ΜΗ
693 2873 907 2938 ΑΠΛΗΣΤΟΣ
920 2878 965 2931 ΤΕ

169 2961 244 3025 EA}
254 2964 474 3019 ΧΡΗΜΑΤΩΝ
483 2965 553 3019 ΚΑΙ
562 2960 877 3030 ΑῙΣΧΡΟΚΕΡΔΗΣ,
888 2965 965 3019 ΟΥΚ

168 3053 222 3106 AN
243 3053 407 3108 ΝΕκΡοΝ
431 3048 565 3112 οΗκΑΣ
587 3048 793 3111 ΑΝΕΩΙΓΕΣ·
825 3045 895 3123 αὕτη
916 3047 965 3123 μιν
1056 3096 1057 3101 τ

167 3160 215 3195 νυν
227 3135 246 3211 ῆ
258 3137 400 3212 βασίλεια
411 3135 525 3209 τοιαύτη
538 3159 580 3198 τις
592 3134 705 3214 λέγεται
717 3132 859 3215 γενέσθαι.

122 3222 180 3281 188
233 3221 269 3282 ‘0
290 3223 322 3283 δὲ
341 3223 375 3299 δῆ
397 3222 491 3299 Κύρος
512 3222 560 3281 ε’πὶ
579 3220 682 3297 ταύτης
701 3225 751 3296 τῆς
770 3217 900 3297 γυναικός
917 3218 964 3281 τόν

129 3475 409 3494 W
821 3472 1018 3487 “““Ἷ·“““““““““
