2150 3500
89 128 201 195 33-36]
343 162 346 167 -
436 132 572 183 οικυιι.
839 131 887 185 217

89 208 233 287 ἅληθέες.”
273 211 409 289 πρότερον
424 210 480 292 γὰρ
502 211 535 288 δη
554 211 616 289 ἄρα,
630 214 765 288 Περσέων
778 213 807 271 οἶ
822 236 892 271 συνε

91 298 177 377 έδρων
193 297 292 359 ἐόντων
308 299 355 359 καὶ
371 300 507 376 Κροίσου,
530 300 618 376 εἴρετο
634 298 798 376 Καμβύσης
813 298 888 363 κοῖός

90 410 134 449 τις
159 385 250 445 δοκέοι
275 386 345 464 ἀνὴρ
371 386 442 446 εἶναι
467 386 538 464 πρός
565 386 615 447 τόν
639 386 747 463 πατέρα
774 386 890 446 τελέσαι

90 478 204 551 Κῦρον;
225 475 252 533 οἱ
266 474 296 533 δὲ
308 472 470 551 ἀμείβοντο,
482 474 516 537 ὦς
530 476 572 551 εἴη
585 473 703 551 οἷμείνων
712 476 762 534 τοῦ
774 472 888 551 πατρός·

91 560 171 621 τότε
183 560 238 641 γοὶρ
252 561 355 622 ἐκείνου
369 560 461 621 πάντα
477 562 550 641 ἔχειν
565 559 657 633 αὐτόν,
672 561 718 619 καὶ
735 565 890 637 προσεκτῆ-

91 649 162 709 σθαι
183 648 325 729 Αἵγυπτόν
344 674 377 709 τε
395 650 441 708 καὶ
455 650 508 726 την
525 648 685 711 θάλασσαν·
714 649 826 726 Πέρσαι
839 650 891 726 μὲν

92 735 129 811 δη
149 739 237 795 ταῦτα
258 738 365 819 ἔλεγον·
400 740 527 814 Κροῖσος
548 737 578 796 δέ
597 737 707 814 παρεόν
727 762 759 796 τε
777 737 822 795 καὶ
840 736 891 796 ούκ

91 823 280 901 ἀρεσκόμενος
302 828 338 902 τῇ
361 824 459 902 κρίσει,
483 824 544 884 εἶπε
566 824 637 901 πρός
655 824 705 885 τόν
730 824 892 901 Καμβύσεα

91 911 168 971 τάδε·
202 922 220 947 “
228 912 290 989 ἐμοὶ
315 912 368 989 μέν
390 938 446 983 νυν,
474 910 495 971 ὦ
521 916 575 971 παῖ
600 909 703 988 Κύρου,
730 910 763 971 ού
789 912 892 977 δοκέεις

91 998 190 1075 ὁμοῖος
203 999 323 1079 εἶναιτῷ
336 1000 444 1077 πατέρι·
466 998 499 1059 ού
511 1000 566 1079 γάρ
580 1026 618 1059 κω
630 1000 677 1058 τοί
688 1004 751 1059 ἐστι
762 1000 820 1064 υἶός
834 999 898 1061 οἶόν

92 1080 131 1145 σε
148 1090 249 1151 ἐκεῖνος
266 1086 456 1147 κατελίπετο·”
483 1086 561 1164 ἥσθη
578 1112 610 1147 τε
627 1090 715 1147 ταῦτα
736 1086 858 1152 ἀκούσας
876 1087 892 1147 ό

92 1174 257 1257 Καμβύσης
270 1175 316 1233 καὶ
330 1176 435 1235 ἐπαίνεε
448 1174 500 1251 τήν
513 1176 641 1251 Κροίσου
655 1175 757 1251 κρίσιν.
783 1174 893 1235 Τούτων
901 1178 938 1236 35

92 1262 129 1337 δη
146 1262 183 1324 ὧν
201 1263 406 1340 ἐπιμνησθέντα
424 1262 495 1343 ὀργῇ
513 1263 608 1343 λέγειν
625 1262 696 1339 πρός
713 1261 763 1322 τόν
781 1262 893 1340 Πρηξά-

92 1374 181 1410 σπεα·
210 1350 268 1410 “σδ
289 1355 337 1412 νῦν
358 1350 432 1428 μάθε
453 1355 477 1409 εἰ
499 1351 618 1431 λέγουσι
641 1350 753 1426 Πέρσαι
777 1349 907 1425 ἀληθέα,1

93 1438 151 1498 εἴτε
169 1437 247 1498 αύτοὶ
267 1439 397 1520 λέγοντες
416 1442 504 1499 ταῦτα
524 1438 764 1515 παραφρονέουσι·
799 1441 823 1497 εἶ
843 1439 894 1514 μὲν

92 1527 151 1607 γαρ
174 1530 224 1586 τοῦ
250 1520 349 1590 παιδός
368 1530 419 1587 τοῦ
440 1530 494 1587 σοΰ
512 1526 595 1586 τοῦδε
615 1529 750 1589 ἑστεῶτος
769 1530 799 1585 ἐν
817 1529 893 1585 τοῖσι

92 1614 264 1692 προθύροισι
275 1615 376 1692 βαλιδν
388 1614 500 1696 τύχοιμι
517 1616 608 1691 μέσης
624 1618 676 1691 τῆς
688 1614 807 1691 καρδίης,
822 1615 894 1691 Πέρ-

94 1728 148 1763 σαι
161 1704 311 1779 φανέονται
326 1703 456 1784 λέγοντες
469 1702 557 1765 οὐδέν·
577 1701 612 1780 ἣν
628 1703 658 1763 δὲ
672 1702 795 1781 ἁμάρτω,
809 1701 896 1780 φόνοι

94 1791 214 1869 Πέρσας
230 1816 262 1851 τε
276 1792 370 1872 λέγειν
386 1791 497 1868 ἀληθέα
517 1793 564 1851 καὶ
583 1793 620 1869 μέ
638 1791 680 1869 μη
701 1790 896 1868 σωφρονέειν·”

94 1883 184 1939 ταῦτα
197 1880 227 1938 δέ
245 1878 357 1940 εἰπόντα
373 1880 420 1939 καὶ
439 1880 611 1940 διατείναντα
626 1879 660 1940 τό
676 1879 766 1949 τόξον,
780 1880 896 1955 βαλέειν

94 1966 148 2028 τόν
173 1967 269 2026 παῖδα·
309 1966 446 2032 πεσόντος
469 1968 498 2027 δὲ
524 1971 576 2028 τοῦ
601 1966 708 2036 παιδός,
735 1966 896 2044 ἀνασχίζειν

58 2132 61 2136 ¹
96 2055 183 2116 αὐτόν
201 2054 323 2130 κελεύειν
340 2057 385 2116 καὶ
402 2057 566 2134 σκέψασθαι
581 2055 615 2116 τό
631 2056 744 2131 βλῆμα·
768 2053 804 2117 ιύς
820 2055 850 2114 δὲ
864 2059 895 2115 ἐν

94 2147 134 2224 τῇ
147 2143 244 2222 καρδίη
258 2143 403 2221 εύρεθῆναι
416 2143 526 2205 ἐνεόντα
546 2142 596 2203 τόν
608 2141 715 2212 όίστόν,
729 2144 815 2201 εἰπεῖν
827 2140 897 2219 πρός

95 2231 147 2292 τόν
167 2233 275 2308 πατέρα
292 2235 343 2292 τοῦ
369 2230 475 2302 παιδός,
495 2230 659 2313 γελάσαντα
681 2229 728 2288 καὶ
746 2230 898 2308 περιχαρέα

96 2317 257 2401 γενόμενον·
278 2328 297 2354 “
304 2318 484 2397 Πρήξασπες,
499 2317 535 2382 ὥς
548 2321 602 2395 μὲν
620 2319 705 2400 ἔγωγε
719 2316 751 2377 ού
763 2317 900 2394 μαίνομαί

96 2433 130 2467 τε
147 2408 259 2484 Πέρσαι
278 2432 310 2467 τε
329 2406 559 2484 παραφρονέουσι
573 2405 648 2482 δῆλά
662 2433 707 2467 τοι
722 2406 830 2489 γέγονε·
850 2409 899 2466 νῦν

98 2495 132 2555 δέ
146 2521 195 2572 μοι
211 2497 277 2565 εἰπὲ,
291 2495 353 2554 τίνα
369 2494 438 2558 εἶδες
453 2493 507 2570 ἤδη
522 2493 634 2555 πάντων
649 2495 800 2573 ἀνθρώπων
816 2492 899 2558 οὕτως

99 2585 243 2644 ἐπίσκοπα
255 2583 403 2653 τοξεύοντα
411 2581 436 2652 ;”
453 2582 631 2660 Πρηξάσπεα
643 2583 673 2644 δέ
685 2584 801 2662 όρέοντα
814 2582 899 2659 ἄνδρα

100 2670 135 2730 ού
156 2671 303 2748 φρενήρεα,
326 2671 372 2730 καὶ
398 2670 462 2748 περὶ
486 2673 575 2750 ἑωυτῷ
600 2672 782 2749 δειμαίνοντα,
804 2674 898 2730 εἰπεῖν·

101 2759 255 2828 ’(δέσπστα,
270 2757 327 2817 οὐδ’
340 2756 375 2819 ἂν
389 2757 472 2818 αὐτόν
486 2759 572 2840 ἔγωγε
587 2759 673 2817 δοκέω
687 2757 738 2818 τόν
753 2756 816 2818 θεόν
829 2755 900 2816 οὕτω

100 2844 137 2906 ἂν
158 2849 249 2909 καλῶς
274 2844 417 2922 βαλέειν.”
456 2845 521 2905 τότε
540 2847 593 2922 μὲν
610 2849 699 2904 ’ταῦτα
720 2843 899 2923 ἐξεργάσατο·

101 2935 215 3012 ἑτέρωθι
233 2934 262 2993 δὲ
283 2933 367 3010 ὁμοῖα
382 2935 460 2992 τοῖσι
475 2932 620 3010 πρώτοισι,
634 2931 767 3008 Περσέων
782 2929 902 2990 δυόδεκα

102 3021 149 3099 ἐφ’
164 3021 277 3100 οὐδεμιῇ
291 3020 365 3100 αἰτίη
381 3018 516 3100 ἀξιόχρεῳ
536 3018 607 3079 έλιδν
623 3017 742 3090 ζώοντας
758 3017 803 3077 ἐπὶ
816 3024 901 3093 κεφα-
969 3011 974 3019 ’

101 3110 159 3187 λην
173 3091 319 3187 ιέατιόρυξ.

146 3201 242 3257 Ταῦτα
256 3197 287 3256 δέ
298 3221 347 3274 μιν
360 3199 491 3256 ποιεῦντα
502 3195 644 3254 ἐδικαίωσε
654 3196 780 3270 Κροῖσος
788 3191 804 3252 ό
812 3191 903 3256 Λυδός
912 3196 949 3253 36

101 3285 273 3407 νουθεηὲἳσαι
295 3283 402 3344 τοιοίδε
424 3285 500 3342 τοῖσι
522 3281 611 3342 ἔπεσι·
640 3279 684 3340 “ὦ
710 3282 843 3354 βασιλεῦ,
863 3279 903 3349 μή
