2150 3500
116 110 261 173 ιιι-ιιι]
424 111 652 166 υυιπουαυσ,
795 139 797 142 -
875 115 922 167 337

115 217 207 266 μενοι,
229 191 275 249 καὶ
294 189 327 250 τό
349 190 476 265 δεύτερον
491 190 618 268 ἥμαρτον
630 197 686 253 τῶν
699 195 843 271 Περσέων.
877 196 923 256 καὶ

115 282 204 338 τοῦτο
224 281 277 354 μὲν
296 277 332 340 οἷς
352 277 447 341 ἐόντας
465 276 564 342 Ἴωνας
585 281 753 356 ἐλευθέρους,
775 283 923 347 κακίστους

113 391 151 425 τε
172 367 219 425 καὶ
242 364 460 443 ἀνανδροτάτους
484 368 611 442 κρίνουσι
633 367 703 428 εἶναι
725 368 853 430 άπάντων
876 370 921 431 οἷν·
944 436 945 439 ¹

115 453 246 531 θράπων·
275 457 358 512 τοῦτο
373 453 409 512 .δέ
429 453 465 517 ὥς
485 453 592 514 δούλων
618 453 737 536 [Ἰάνων]
763 456 813 519 τόν
833 457 921 538 λόγον

115 541 284 618 ποιεύμενοι,
321 539 481 617 ἀνδράποδα
510 542 709 618 φιλοδέσποτα
742 550 817 619 φασι
851 545 921 606 εἶναι

116 629 165 688 καὶ
185 627 312 706 ἄδρηστα
331 627 469 704 μάλιστα.
502 633 661 708 ταῦταμὲν
685 631 720 708 δὴ
743 632 871 712 Σκύθῃσι
891 638 919 698 ἐς

109 714 211 779 Ἴωνας
224 715 401 792 ἀπέρριπται.

159 808 278 881 Δαρεῖος
299 803 329 862 δὲ
352 803 397 862 διά
419 808 470 879 τῆς
490 805 612 880 Θρηίκης
633 805 825 882 πορευόμενος,
847 807 967 868 εἶτ-143

115 892 192 951 ίκετο
219 896 246 956 ἐς
274 890 387 966 Σηστόν
415 895 469 966 τῆς.
498 892 696 969 Χερσονήσου.
738 895 862 954 ἐνθεῦτεν
888 896 918 954 δὲ

115 977 199 1041 αι’πδς
218 981 270 1055 μὲν
285 979 374 1053 ’διέβη
393 983 462 1056 τῇσι
481 979 565 1053 νηυσὶ
585 983 613 1042 ἐς
632 980 685 1056 τὴν
704 977 814 1055 Ἀσίην,
827 982 919 1041 λείπει

115 1067 147 1125 δέ
171 1065 339 1146 στρατηγόν
356 1071 385 1127 ἐν
410 1069 447 1144 τῇ
470 1065 595 1146 Εὐρώπη
624 1067 810 1148 Μεγάβαζον,
832 1068 919 1147 άνδρα

115 1153 243 1230 Πέρσην·
263 1158 302 1232 τῷ
316 1153 434 1229 Δαρεῖός
450 1180 514 1212 κοτε
531 1154 612 1214 ἔδωκε
624 1156 708 1236 γέρας
720 1154 827 1218 τοιόνδε
840 1156 919 1221 εἴπας

113 1245 146 1300 ἐν
167 1242 301 1318 Πέρσησι
321 1241 396 1304 ἐπος·
425 1240 588 1318 ὁρμημένου
609 1244 729 1319 Δαρείου
753 1243 830 1319 ῥοιαὶς
849 1243 917 1319 τριό-

112 1352 184 1407 γειν,
206 1327 242 1391 οἷς
267 1327 360 1397 ἄνοιξε
385 1327 510 1405 τάχιστα
532 1327 585 1403 την
608 1329 720 1407 πρώτην
742 1333 798 1389 τῶν
820 1331 917 1407 ῥοιέων

114 1415 205 1491 εἴρετο
220 1414 305 1475 αὐτὸν
323 1415 339 1476 ά
355 1413 493 1490 ἀδελφεός
507 1414 693 1492 Ἀρτάβανος,
707 1415 725 1476 ὅ
742 1442 770 1476 τι
787 1416 917 1492 βούλοιτ’

60 1555 72 1574 ,
112 1501 149 1562 ἅν
173 1505 201 1561 οἱ
223 1507 345 1562 τοσοῦτο
366 1503 478 1577 πλῆθος
500 1503 633 1583 γενέσθαι
654 1503 720 1564 ὅσοι
742 1509 771 1565 ἐν
793 1508 829 1584 τῇ
853 1507 917 1584 ῥοιῇ

113 1587 226 1657 κόκκοις
248 1594 366 1667 Δαρεῖος
381 1589 411 1648 δέ
430 1589 498 1661 εἶπε,
514 1591 706 1672 Μεγαβάζους
723 1590 758 1653 άν
775 1595 803 1654 οί
817 1593 918 1652 τοσσό-

112 1701 181 1739 τους
201 1675 320 1754 άριθμδν
341 1678 474 1759 γενέσθαι
497 1678 659 1755 βούλεσθαι
679 1683 794 1758 μᾶλλον
819 1678 838 1756 ἢ
865 1679 917 1758 τὴν
993 1729 1002 1743 .

113 1764 242 1825 Ἑλλάδα
259 1764 392 1841 ὑπήκοον.
434 1770 463 1827 ἐν
480 1770 533 1844 μὲν
554 1767 588 1843 δὴ
607 1769 742 1847 Πέρσησι
760 1768 849 1829 ταῦτά
866 1795 916 1845 μιν

115 1853 195 1915 εἴπας
222 1851 311 1929 ἐτίμα·
345 1852 410 1915 τότε
435 1854 466 1913 δέ
495 1854 580 1915 αὐτόν
607 1855 726 1916 ὑπέλιπε
756 1856 916 1937 στρατηγόν

115 1940 216 2018 ἔχοντα
237 1944 289 2015 τῆς
312 1946 448 2019 στρατιῆς
469 1946 520 2017 τῆς
545 1946 647 2003 ἑωυτοῦ
673 1941 745 2003 άκτιδ
771 1944 915 2020 μυριάδας.

115 2027 206 2092 Οὗτος
219 2028 248 2087 δέ
261 2028 278 2089 ὁ
291 2030 463 2110 Μεγάβαζος
476 2031 555 2092 εἶπας
567 2028 677 2090 τόδετὸ
691 2030 756 2093 ἐπος
769 2031 896 2090 ἐλείπετο
907 2034 964 2091 144

114 2115 254 2177 ἀθάνατον
274 2116 387 2195 μνήμην
404 2119 473 2193 πρός
492 2115 735 2192 Ἑλλησποντίων.
768 2116 916 2197 γενόμενος

112 2204 170 2286 γάρ
190 2210 220 2265 ἐν
240 2206 389 2283 Βυζαντίῳ,
409 2203 526 2263 ἐπύθετο
551 2203 734 2265 ἐπτακαιδεκα
754 2204 830 2263 ἐτεσι
849 2204 917 2281 πρό-

112 2318 195 2370 τερον
215 2293 428 2372 Καλχηδονίους
449 2291 599 2353 κτίσαντας
619 2288 672 2367 τὴν
694 2289 789 2371 χάρην
813 2292 917 2362 Βυζαν-

112 2380 189 2440 τίων·
221 2379 379 2457 πυθόμενος
404 2379 435 2438 δέ
461 2378 525 2453 ἐφη,
552 2388 570 2413 “
579 2378 790 2457 Καλχηδονίους
816 2382 916 2440 τοῦτον

111 2465 164 2527 τόν
183 2467 286 2547 χρόνον
305 2465 454 2548 τυγχάνειν
474 2464 571 2528 ἐόντας
589 2464 740 2543 τυφλούς·”
760 2466 864 2549 οὐγὰρ
882 2465 916 2529 άν

111 2560 165 2614 τοῦ
188 2555 339 2618 καλλίονος
359 2552 511 2630 παρεόντος
534 2554 634 2625 κτίζειν
655 2554 756 2633 χοίρου,
780 2555 831 2616 τόν
853 2559 915 2617 αἰσ-

111 2643 197 2721 χίονα
216 2643 339 2715 ἑλέσθαι,
362 2645 386 2701 εἰ
404 2640 445 2718 μή
464 2639 540 2717 ἦσαν
563 2643 677 2717 τυφλοί.
718 2641 798 2706 οὗτος
822 2643 852 2703 δὲ
880 2642 917 2704 ὧν

112 2728 179 2788 τότε
199 2730 215 2789 ὁ
235 2729 408 2811 Μεγάβαζος
426 2727 586 2808 στρατηγός
601 2728 729 2804 λειφθεὶς
744 2735 773 2789 ἐν
788 2734 824 2807 τῇ
837 2730 917 2809 χάρη

110 2814 354 2890 Ἑλλησποντίων,
364 2816 429 2880 τούς
441 2816 482 2893 μή
495 2816 660 2892 μηδίζοντας
673 2816 890 2892 κατεστρέφετο.

157 2899 249 2966 Οὗτος
270 2904 322 2980 μέν
345 2930 393 2966 νυν
413 2908 502 2965 ταῦτα
526 2903 663 2979 ἔπρησσε·
691 2899 741 2986 τδη
762 2900 845 2965 αὔτόν
866 2902 964 2992 δέῙέό

114 2994 216 3051 τοῦτον
242 2990 344 3070 χρόνον
370 2992 475 3072 ἐγίνετο
501 2991 549 3050 ἐπὶ
576 2988 688 3065 Λιβύην
714 2989 804 3051 ἄλλος
830 3015 915 3067 στρα-

114 3082 176 3155 τιῆς
198 3079 287 3161 μέγας
312 3076 425 3147 στόλος,
452 3077 499 3137 διά
524 3077 672 3153 πρόφασιν
694 3075 746 3151 τὴν
768 3075 822 3156 ἐγιδ
845 3075 915 3153 α’πη-

113 3166 243 3249 γήσομαι
265 3164 527 3244 προδιηγησάμενος
549 3164 685 3242 πρότερον
707 3162 782 3223 τάδε·
810 3169 865 3225 τῶν
886 3170 917 3225 ἐκ

113 3258 166 3333 τῆς
180 3253 300 3339 Ἀργοῦς
318 3252 473 3327 ἐπιβατέων
485 3252 590 3313 παίδων
603 3251 707 3329 παῖδες,
720 3251 918 3322 ἐξελασθέντες

189 3337 218 3387 27

982 3400 1067 3471 Δ
