2150 3500
164 95 212 143 αι
473 90 656 140 Ἦυοιουου
907 88 971 153 [Ιν.

161 171 217 232 ῦπο
208 172 459 254 Πελασγῶν“
419 195 475 231 των
494 173 525 228 ε’κ
545 171 709 279 Βραυρωνος
725 168 958 244 ληῦσαμένων
922 193 973 232 τος

161 257 317 334 Ἀθηναίων
337 261 478 340 γυναῖκας,
498 256 555 316 ῦπδ
583 256 688 316 τούτων
711 255 955 325 έξελασθέντες’
941 281 972 314 εκ

162 342 325 424 Λήμνου”
296 371 408 426 οιχοντο
424 346 587 408 πλέοντες’
573 370 601 412 ες
615 343 824 418 Λακεδαίμονα·
848 342 971 420 ἱζόμενοι

163 435 234 494 δέ’
220 461 250 494 εν
272 437 311 514 τοῦ
336 439 467 515 Τηῦγέτιρ
489 437 546 508 πῦρ
573 429 706 494 ἀνέκαιον.
750 430 971 506 Λακεδαιμόνιοι

163 522 194 581 δέ
221 521 323 585 ἰδόντες
345 520 469 602 ἄγγελον
492 520 624 596 ἔπεμπον,
649 518 820 594 πευσόμενοι
845 518 918 582 τίνες
940 546 970 579 τε
1011 571 1019 581 .

163 610 210 667 καὶ
223 609 322 669 ὁκόθεν
336 610 395 669 εἰσί
401 634 410 678 ;
431 611 459 668 οἱ
471 608 502 667 δὲ
513 611 553 686 τῷ
565 605 677 687 ἀγγέλῳ
692 605 849 682 εἷρωτέοντι
863 606 970 687 ἔλεγον,

162 694 199 756 ὥς
221 695 321 769 εἴησαν
342 697 394 772 μὲν
417 694 531 762 Μινύαι,
556 693 651 756 παῖδες
675 692 705 750 δὲ
728 692 783 752 εἶεν
805 694 864 752 τῶν
885 698 970 773 ε’ντῇ

160 779 263 862 Ἀργοῖ
286 781 429 842 πλεόντων
454 779 560 858 ἦριόων·
591 779 770 858 προσχόντας
797 779 828 838 δέ
855 780 971 846 τούτους

161 872 190 931 ές
212 872 329 946 Λῆμνον
352 869 493 946 φυτεῦσαί
510 873 614 943 σφεας.
656 869 683 926 οἱ
702 866 732 925 δὲ
751 867 970 943 Λακεδαιμόνιοι

162 954 314 1032 ἀκηκοότες
345 955 397 1017 τόν
429 955 518 1037 λόγον
546 959 597 1030 τῆς
625 958 721 1036 γενεῆς
747 957 803 1014 τῶν
830 955 969 1027 Μινυέων,
1053 995 1057 1004 ·

163 1045 324 1120 πέμψαντες
337 1044 371 1104 τό
388 1042 514 1120 δεότερον
534 1041 661 1119 εἶροότεον
681 1044 710 1100 τί
729 1041 862 1104 θέλοντες
876 1041 970 1118 ἥκοιέν

162 1155 193 1190 τε
206 1135 244 1193 ’ές
263 1131 316 1207 τὴν
336 1130 431 1210 χεόμην
451 1131 498 1189 καὶ
520 1133 577 1207 πῦρ
599 1130 721 1198 αἴθοιεν,
743 1131 770 1187 οἱ
791 1127 822 1187 δὲ
847 1129 968 1204 ἔφασαν,

161 1215 218 1277 ῦπό
239 1218 401 1299 Πελασγῶν
421 1218 608 1294 ἐκβληθέντες
620 1216 697 1292 ἥκειν
713 1220 741 1280 ές
755 1214 821 1279 τοῦς
835 1219 967 1294 πατέρας·

163 1305 350 1384 (δικαιότατον
362 1304 418 1387 γὰρ
429 1305 498 1365 εἶναι
509 1304 580 1364 οὕτω
590 1308 673 1364 τοῦτο
686 1303 839 1384 γίνεσθαι·)
854 1304 971 1365 δέεσθαί

161 1417 195 1451 τε
218 1394 318 1454 οἰκέειν
344 1393 403 1469 ἅμα
429 1391 564 1462 τοῦτοισι,
590 1389 691 1469 μοῖρόν
716 1416 748 1450 τε
773 1392 876 1467 τιμέων
903 1419 966 1468 μετ-

163 1481 275 1559 έχοντες
288 1482 335 1540 καὶ
350 1485 401 1557 τῆς
415 1485 468 1562 γῆς
483 1479 686 1558 ἀπολαχόντες.
719 1479 968 1556 Λακεδαιμονίοισι

162 1566 193 1626 δὲ
220 1568 283 1627 ἕαδε
308 1569 439 1629 δέκεσθαι
463 1568 529 1631 τοῦς
554 1565 663 1630 Μινύας
690 1565 733 1638 ἐπ’
760 1567 820 1626 οἶσι
849 1568 968 1629 θέλουσι

162 1653 251 1714 αῦτοί·
271 1653 400 1732 μαλιστα
418 1656 448 1714 δὲ
465 1656 546 1736 ένῆγέ
561 1661 654 1731 σφεας
670 1653 743 1714 ὥστε
758 1655 864 1716 ποιέειν
879 1661 969 1716 ταῦτα

161 1744 217 1801 πιῦν
229 1741 417 1819 Τυνδαριδέων
424 1740 449 1820 ἦ
462 1743 588 1819 ναυτιλίη
602 1748 631 1803 έν
643 1748 679 1822 τῇ
687 1741 800 1824 ,Ἀργοῦ
821 1742 966 1821 δεξόμενοι

163 1828 194 1887 δὲ
215 1829 279 1893 τοῦς
301 1830 419 1901 Μινύας,
443 1836 497 1912 γῆς
519 1857 551 1892 τε
573 1832 728 1909 μετέδοσαν
749 1832 796 1889 καὶ
820 1836 849 1895 ές
873 1834 969 1907 φυλὰς

163 1915 337 1978 διεδάσαντο·
358 1921 385 1979 οἱ
397 1918 427 1978 δὲ
440 1917 540 1979 αὐτίκα
552 1921 604 1996 μὲν
621 1918 728 1999 γόμους
744 1920 860 1999 ἔγημαν,
874 1920 926 1985 τὰς
938 1922 968 1981 δὲ

117 2006 214 2064 146έκ
232 2006 348 2083 Λήμνου
366 2005 470 2087 ἤγοντο
487 2007 620 2077 ἐξέδοσαν
635 2004 764 2081 ἄλλοισι.
805 2008 917 2083 Χρόνου
938 2010 968 2069 δὲ

163 2091 196 2152 οῦ
206 2098 318 2154 πολλοῦ
331 2093 527 2165 διεξελθόντος,
536 2094 634 2154 αι’πίκα
647 2096 674 2153 οἶ
687 2093 793 2153 Μινύαι
803 2094 967 2172 ἐξύβρισαν,

163 2184 214 2256 τῆς
226 2208 258 2241 τε
277 2183 433 2260 βασιληΐης
452 2183 642 2259 μεταιτέοντες
662 2181 709 2240 καὶ
729 2180 805 2239 ἅλλα
825 2186 968 2247 ποιεῦντες

163 2268 214 2327 οῦκ
233 2269 310 2330 ὅσια.
350 2274 427 2332 τοῖσι
447 2269 485 2330 ὧν
504 2268 750 2345 Λακεδαιμονίοισι
770 2269 846 2338 ἔδοξε
866 2270 968 2336 αὐτοῦς

162 2354 332 2417 α’ποκτεῖναι·
358 2356 555 2433 συλλαβόντες
581 2356 612 2415 δέ
637 2363 729 2432 σφεας
756 2358 919 2433 κατέβαλον
939 2364 968 2423 ές

162 2441 270 2518 ἑρκτήν.
292 2444 442 2521 (κτείνουσι
451 2444 482 2503 δὲ
491 2442 557 2506 τοῦς
566 2441 600 2504 ἂν
611 2444 738 2503 κτείνωσι
751 2444 967 2520 Λακεδαιμόνιοι

100 2550 110 2563 ’
161 2527 267 2598 νυκτός,
288 2527 348 2606 μετ’
369 2529 476 2607 ἡμέρην
493 2530 525 2589 δὲ
542 2530 661 2610 οὐδένα.)
699 2530 759 2590 ε’πεὶ
781 2529 819 2591 ὦν
843 2532 966 2608 ἔμελλόν

162 2621 255 2692 σφεας
277 2615 516 2695 καταχρήσεσθαι,
544 2617 755 2694 παραιτήσαντο
782 2621 812 2678 αἱ
837 2623 968 2699 γυναῖκες

161 2706 217 2764 τῶν
244 2703 379 2775 Μινυέων,
406 2708 505 2765 ἐοῦσαι
524 2704 613 2765 α’σταί
635 2730 667 2765 τε
694 2705 740 2764 καὶ
764 2710 820 2766 τῶν
849 2706 967 2783 πριότων

163 2791 359 2870 Σπαρτιητέων
378 2792 535 2873 θυγατέρες,
551 2793 680 2853 έσελθεῖν
698 2818 730 2853 τε
747 2797 775 2856 ές
795 2793 849 2869 την
866 2795 965 2872 ἑρκτὴν

162 2880 209 2939 καὶ
222 2885 250 2943 ές
269 2879 372 2960 λόγους
385 2881 478 2941 έλθεῖν
495 2880 600 2955 έκόστη
616 2884 655 2957 τῷ
671 2883 771 2956 ἑωυτῆς
783 2879 873 2958 ἅνδρί·
894 2882 964 2942 οἶδε

162 2971 256 3039 σφεας
274 2971 403 3042 παρῆκαν
423 2966 522 3027 οὐδένα
542 2966 627 3027 δόλον
647 2967 788 3031 δοκέοντες
809 2969 841 3039 ἐξ
860 2968 965 3031 αὐτέων

161 3049 288 3110 ἔσεσθαι·
316 3055 347 3111 αἶ
369 3053 437 3111 δὲ’
423 3054 487 3112 επεί
509 3079 541 3112 τε
567 3054 701 3128 ε’σῆλθον,
725 3059 837 3115 ποιεῦσι
860 3057 964 3117 τοιόδε·

160 3137 258 3194 πᾶσαν
271 3162 325 3243 την
342 3137 419 3215 εἶχον
435 3140 543 3215 ἔσθητοι
558 3141 738 3215 παραδοῦσαι
753 3145 831 3203 τοῖσι
844 3142 965 3220 ἀνδράσι

160 3214 241 3274 αὐτοὶ
273 3246 326 3293 την
357 3227 413 3282 τῶν
446 3224 551 3301 οἷνδριῦν
585 3226 702 3302 ἔλαβον·
738 3231 766 3289 οἶ
796 3228 827 3289 δὲ
858 3228 963 3290 Μινύαι
