2150 3500
82 140 213 208 υο-ιου]
403 143 567 195 mm.
839 144 889 195 ιιι

85 222 277 300 Κερκάσωρον
288 221 396 305 πόλιν]
412 229 439 288 ἐς
451 225 482 283 δὲ
495 223 655 300 Ναύκρατιν
668 221 725 286 άπό
738 222 890 302 θαλάσσης

84 312 136 370 καὶ
148 310 289 387 Κανώβου
305 310 350 370 διά
369 311 467 371 πεδίου
485 312 587 384 πλέων,
602 309 677 387 ἥξεις
692 311 751 373 κατ’
766 310 887 372 Ἄνθυλ-

84 395 143 458 λάν
154 424 186 459 τε
198 398 291 470 πόλιν,
305 398 352 457 καὶ
363 398 417 474 την
428 398 601 478 Ἀρχάνδρου
614 402 795 477 καλευμένην·
819 405 887 460 Του-
896 399 935 460 98

84 486 156 546 τέων
175 486 206 546 δὲ
227 485 247 562 ἡ
267 489 319 562 μὲν
335 484 493 556 Ἄνθυλλα,
513 490 600 546 ἐοῦσα
621 486 727 567 λογίμη
747 486 839 557 πόλις,
860 492 888 552 ἐς

84 571 253 651 ῦποδρματα
266 573 404 651 ἐξαίρετος
421 573 526 634 δίδοται
544 578 595 635 τοῦ
613 575 667 634 αἰεὶ
683 574 887 650 βασιλεύοντος

83 661 230 742 Αἰγύπτου
252 665 290 741 τῇ
310 663 426 744 γυναικί.
470 663 617 743 (τοῦτοδὲ
638 663 744 744 γίνεται
766 663 797 733 ἐξ
816 662 887 724 ὅσου

83 747 143 809 ῦπό
167 750 304 829 Πέρσῃσί
325 754 388 811 ε’στι
409 750 571 832 Αἴγυπτος.)
611 748 632 827 ἤ
652 749 683 812 δὲ
704 749 783 829 έτέρη
803 751 887 815 πόλις

84 835 176 896 δοκέει
187 863 238 914 μοι
248 837 282 898 τό
293 835 399 915 οῦνομα
409 839 482 918 ἔχειν
494 837 551 898 άπῦ
561 841 611 898 τοῦ
622 842 735 899 Δαναοῦ
743 839 886 920 γαμβροῦ,
909 847 910 850 ’
956 897 959 901 .

83 921 259 1003 Ἀρχάνδρου
278 929 329 986 τοῦ
348 926 445 997 Φθίου,
465 929 516 986 τοῦ
531 924 659 1005 Ἀχαιοῦ·
680 925 811 986 καλέεται
829 925 886 1008 γάρ

83 1010 122 1088 δὴ
143 1011 315 1092 Ἀρχάνδρου
342 1013 435 1078 πόλις.
477 1013 519 1089 εἴη
546 1012 570 1072 δ’
596 1011 631 1074 ῦν
656 1014 703 1073 καὶ
729 1012 819 1078 ἄλλος
843 1038 886 1078 τις

79 1097 266 1178 Ἀρχανδρας·
287 1099 320 1161 οῦ
331 1099 428 1178 μέντοι
439 1126 474 1182 γε
485 1099 639 1182 Αἰγύπτιον
651 1100 684 1161 τό
698 1099 812 1178 οὕνομα.

126 1187 223 1266 Μέχρι
242 1190 294 1264 μὲν
314 1187 414 1249 τούτου
435 1188 500 1266 ὄψις
521 1214 554 1248 τε
578 1187 631 1264 ε’μὴ
653 1189 699 1247 καὶ
721 1187 818 1269 γνώμη
839 1186 932 1250 καὶ99

83 1276 198 1352 ἱστορίη
210 1279 299 1336 ταῦτα
310 1275 438 1357 λέγουσά
451 1281 523 1336 ε’στι·
537 1274 571 1336 τό
586 1276 616 1336 δὲ
629 1274 687 1336 dm?
702 1275 792 1345 τοῦδε,
802 1279 885 1356 Αἰγυ·

82 1362 184 1425 πτίους
195 1364 313 1442 ἔρχομαι
326 1363 428 1445 λόγους
442 1364 525 1440 ε’ρέων
539 1363 610 1424 κατά
619 1362 655 1423 τά
665 1361 775 1440 ἤκουον·
796 1387 885 1440 προσ-

84 1449 169 1509 έσται
182 1449 212 1508 δὲ
225 1449 340 1511 αύτοῖσί
349 1476 378 1511 τι
390 1452 437 1511 καὶ
449 1454 500 1526 τῆς
519 1454 588 1528 ε’μῆς
604 1450 694 1528 ὄψιος.
734 1447 785 1510 τόν
798 1453 886 1524 Μῆνα
911 1509 914 1514 ,

82 1535 136 1597 τόν
148 1541 258 1614 πρῶτον
270 1539 488 1615 βασιλεύσαντα
501 1536 653 1619 Αἰγύπτου,
665 1541 692 1597 οἱ
706 1536 775 1614 ἱρέες
788 1536 886 1617 ἔλεγον

82 1627 171 1685 τοῦτο
195 1627 248 1702 μὲν
274 1626 497 1708 άπογεφυρῦσαι
521 1627 568 1686 καὶ
590 1625 643 1702 τὴν
666 1623 887 1702 Μέμφιν-τόν

83 1711 142 1794 γάρ
154 1713 284 1790 ποταμόν
296 1714 388 1777 πάντα
400 1715 473 1792 ῥέειν
482 1714 559 1792 παρά
571 1712 605 1775 τό
619 1711 683 1793 ὅρος
694 1713 727 1775 τό
742 1712 886 1794 ψάμμινον

83 1800 158 1879 πρός
168 1802 287 1880 Λιβύης,
307 1802 357 1864 τόν
373 1804 403 1863 δὲ
419 1806 506 1879 Μῆνα
521 1802 634 1873 ἄνωθεν,
652 1802 723 1865 ὅσον
738 1827 770 1863 τε
789 1800 887 1862 ἑκατόν

85 1889 218 1953 σταδίους
224 1889 281 1951 άπό
289 1892 433 1969 Μέμφιος,
442 1892 492 1952 τόν
502 1890 573 1968 πρός
581 1890 766 1969 μεσαμβρίης
775 1887 888 1970 άγκῶνα

84 1976 305 2057 προσχώσαντα,
325 1978 358 2039 τῦ
378 1983 430 2057 μὲν
446 1977 565 2058 άρχαῖον
580 1980 694 2055 ῥέεθρον
714 1975 887 2053 άπαξηράναι

85 2064 137 2125 τόν
159 2066 189 2125 δὲ
210 2066 338 2144 ποταμόν
360 2066 518 2145 ὀχετεῦσαι,
539 2065 572 2126 τό
595 2065 686 2140 μέσον
707 2067 763 2123 τιῦν
786 2062 888 2138 οὐρέων

85 2153 168 2228 ῥέειν·
189 2154 272 2214 ἔτιδὲ
284 2154 331 2213 καὶ
343 2158 392 2214 νῦν
404 2152 459 2212 ῦπό
470 2151 629 2229 Περσέωνό
639 2150 731 2231 ἀγκών
744 2146 824 2212 οῦτος
836 2153 887 2209 τοῦ

86 2243 195 2301 Νείλου
206 2240 246 2319 ,ὃς
266 2240 439 2321 ἀπεργμένος
457 2240 515 2316 ῥέει
535 2242 566 2299 ἐν
582 2240 729 2316 φυλακῇσι
743 2234 888 2316 μεγάλῃσι

86 2328 189 2406 ἔχεται,
203 2328 404 2405 φρασσόμενος
417 2325 471 2387 οἶνά
485 2329 547 2399 πᾶν
556 2326 625 2390 ἔτος·
647 2329 671 2385 εἰ
687 2323 743 2406 γάρ
758 2323 889 2400 ἐθελήσει

85 2414 173 2491 ῥήξας
191 2415 349 2493 ῦπερβῆναι
369 2414 386 2475 ό
405 2413 532 2492 ποταμός
551 2414 646 2493 ταύτῃ,
665 2412 788 2475 κίνδυνος
806 2410 888 2491 πόση

86 2504 192 2580 Μέμφι
205 2504 435 2580 κατακλυσθῆναί
446 2502 596 2567 ἔστα-ὦς
608 2503 639 2561 δὲ
650 2504 690 2581 τῷ
702 2504 781 2576 Μῆνι
798 2498 887 2578 τούτῳ

84 2592 125 2668 τῷ
143 2590 244 2670 πρώτῳ
264 2592 403 2672 γενομένῳ
423 2591 545 2668 βασιλέϊ
564 2590 670 2669 χέρσον
690 2588 834 2669 γεγονέναι
852 2586 887 2648 τό

85 2676 271 2758 άπεργμένυν,
282 2683 365 2740 τοῦτο
378 2681 431 2756 μὲν
444 2683 474 2738 ἐν
486 2676 560 2757 αύτῷ
573 2678 657 2739 πόλιν
667 2677 763 2736 κτίσαι
774 2674 887 2750 ταύτην,

85 2764 148 2841 ἥτις
165 2769 215 2825 νῦν
227 2767 346 2843 Μέμφις
360 2766 499 2827 καλέεται·
519 2766 582 2825 ἔστι
598 2764 655 2846 γάρ
673 2763 720 2822 καὶ
736 2762 757 2837 ἡ
770 2762 889 2838 Μέμφις

86 2856 116 2913 ἔν
128 2857 169 2932 τῦ
181 2858 281 2933 στεινῷ
292 2857 344 2930 τῆς
359 2853 512 2934 Αἰγύπτου·
531 2852 631 2922 ἔξωθεν
650 2850 681 2909 δὲ
697 2845 783 2925 αύτῆς
797 2872 891 2924 περιο-

86 2936 169 3018 ρύξαι
189 2940 293 3018 λίμνην
305 2945 337 3001 έκ
355 2944 407 3002 τοῦ
426 2943 557 3017 ποταμοῦ
576 2936 647 3015 πρός
665 2936 773 3013 βορέην
791 2959 823 2993 τε
843 2933 890 2991 καὶ

86 3026 158 3105 πρδς
172 3030 303 3106 ἕσπέρην·
321 3027 355 3089 τό
373 3026 429 3109 γάρ
447 3026 519 3102 πρός
536 3024 589 3101 την
602 3023 643 3100 ἠῶ
659 3021 742 3085 αῦτός
755 3020 771 3081 ό
785 3022 891 3081 Νεῖλος
922 3036 924 3041 “

86 3114 214 3195 άπέργει·
233 3119 318 3176 τοῦτο
337 3115 376 3183 δὲ,
396 3118 447 3175 τοῦ
464 3113 629 3188 Ἡφαίστου
648 3109 682 3170 τῦ
701 3107 761 3185 ἱρόν
779 3104 890 3183 ἱδρύσα-

88 3203 160 3262 σθαι
183 3206 213 3262 έν
236 3201 316 3280 αὐτῇ,
337 3201 383 3262 ε’όν
403 3200 478 3280 μέγα
496 3224 528 3258 τε
553 3198 599 3257 καὶ
621 3192 889 3275 ἀξιαπηγητότατον.

89 3288 230 3412 Μετφθδέ
255 3292 363 3358 τοῦτον,
385 3286 537 3365 κατέλεγον
561 3287 588 3343 οἶ
609 3284 679 3361 ἱρέες
700 3287 730 3341 ἐκ
754 3279 870 3358 βύβλου
880 3278 938 3337 100

939 3440 961 3462 ...l
