2150 3500
61 170 64 175 ¹
125 110 233 173 ⁵6-60]
459 114 593 164 οιουικ.
875 119 923 167 229

124 191 249 268 Σιφνίων
266 191 377 253 αύτοῖσι
389 196 416 253 οἱ
430 192 532 269 Σάμιοι
544 193 610 259 τούς
621 194 729 274 χώρους
740 195 831 257 αὐτῶν
844 196 924 274 ε’πόρ-

124 278 199 339 θεον·
219 278 372 357 πυθύμενοι
390 280 413 339 δ’
429 280 487 343 ἰθύς
499 278 569 357 ἧκον
581 286 608 341 οἱ
624 284 736 358 Σίφνιοι
748 284 925 358 βοηθέοντες,

124 367 171 425 καὶ
184 367 383 444 συμβαλόντες
390 368 500 427 αύτοῖσι
511 370 689 445 ἑσσώθησαν·
703 370 749 428 καὶ
757 369 846 430 αὐτῶν
854 377 923 430 πολ-

122 454 172 513 λοὶ
185 454 419 531 ἀπεκληίσθησαν
429 460 479 515 τοῦ
492 454 594 520 άστεος
606 455 661 518 ύπδ
674 461 729 517 τῶν
740 458 860 535 Σαμίων·
879 460 924 518 καὶ

123 540 225 606 αύτούς
236 542 308 619 μετά
320 547 408 603 ταῦτα
425 543 522 604 ἔκατόν
535 543 662 605 τάλαντα
675 546 805 622 ἔπρηξαν.
839 547 923 624 Παροὶ
932 551 970 609 59

141 630 155 688 ὲ
179 629 345 708 Ἑρμιονέων
372 635 460 706 νῆσον
487 630 549 691 άντὶ
574 632 724 711 χρημάτων
747 633 922 712 παρέλαβον,

121 714 239 795 Ὑδρέην
258 716 311 793 τήν
329 719 375 777 ε’πὶ
398 718 618 798 Πελοποννήσῳ,
635 721 681 779 καὶ
703 719 789 795 αύτήν
809 724 922 799 Τροιζη-

122 804 210 865 νίοισι
235 806 467 883 παρακατέθεντο·
502 805 583 867 αύτοὶ
605 807 635 866 δὲ
659 808 800 883 Κυδωνίην
821 808 873 885 τήν
894 815 923 871 ἓν

123 892 224 973 Κρήτη
240 895 360 965 ἔκτισαν,
377 893 427 953 οὐκ
446 894 493 953 ε’πὶ
508 894 597 973 τούτῳ
614 895 755 965 πλέοντες,
772 894 850 955 άλλοὶ
868 904 920 957 Za·

123 981 249 1045 κυνθίους
270 982 427 1051 ἐξελοῦντες
449 987 479 1041 ε’κ
504 985 556 1057 τῆς
582 982 679 1056 νήσου·
715 983 823 1058 ἔμειναν
849 984 873 1043 δ’
894 992 924 1045 έν

121 1066 210 1148 ταύτῃ
232 1069 278 1127 καὶ
299 1068 502 1145 εὐδαιμόνησαν
524 1068 566 1128 ἐπ’
583 1070 645 1127 ἔτεα
665 1072 757 1130 πέντε·
782 1070 866 1153 [ὥστε
887 1073 924 1133 τά

123 1153 171 1231 ἱροὶ
185 1155 221 1215 τά
237 1161 266 1216 ἐν
282 1156 409 1234 Κυδωνίῃ
427 1156 508 1216 ἐόντα
526 1161 575 1217 νῦν
588 1154 669 1217 οὗτοί
679 1162 734 1217 εἰσι
747 1162 775 1218 οἰ
786 1159 923 1235 ποιήσαν-

120 1267 169 1306 τες
181 1244 227 1301 καὶ
240 1243 291 1304 τόν
301 1248 351 1319 τῆς
364 1244 499 1320 Δικτύνης
512 1243 602 1327 νηόν]
623 1245 691 1325 έκτιρ
705 1246 735 1304 δὲ
747 1247 801 1305 ἔτεϊ
810 1252 922 1328 Αἰγινή-

120 1355 169 1389 ται
179 1330 277 1395 αύτούς
287 1332 425 1410 ναυμαχίη
433 1331 597 1407 νικήσαντες
603 1331 843 1410 ἠνδραποδίσαντο
850 1336 923 1411 μετά

121 1422 251 1495 Κρητῶν·
272 1420 318 1479 καὶ
335 1424 389 1479 τῶν
402 1423 474 1496 νηῶν
487 1421 620 1496 καπρίους
637 1421 777 1500 ἐχουσέων
788 1420 838 1485 τάς
850 1423 922 1499 πρώ-

119 1530 173 1581 ρας
185 1505 405 1584 ἦκρωτηρίασαν,
417 1508 462 1566 καὶ
475 1506 613 1568 α’νέθεσαν
623 1513 651 1571 ε’ς
662 1508 695 1568 τό
710 1508 827 1586 ἰρόντῆς
839 1507 921 1586 ’Λθη

120 1594 200 1669 ναίης
214 1599 243 1655 ε’ν
256 1596 366 1676 Αἰγίνη.
395 1598 483 1655 ταῦτα
497 1595 526 1654 δὲ
540 1597 676 1671 ε’ποίησαν
687 1598 800 1677 ἔγκοτον
814 1598 923 1675 ἔχοντες

121 1682 257 1759 Σαμίοισι
266 1686 423 1764 Αἰγινῆται·
437 1681 569 1761 πρότεροι
580 1683 635 1764 γοὶρ
649 1683 751 1762 Σάμιοι
765 1683 807 1743 ἐπ’
819 1683 921 1763 Ἀμφι-

121 1769 237 1846 κράτεος
256 1769 460 1848 βοσιλεύοντος
479 1775 508 1832 ε’ν
521 1771 607 1852 Σάμῳ
623 1773 862 1850 στρατευσάμενοι
880 1773 922 1834 ἐπ’

120 1857 248 1938 Αἴγιναν,
263 1858 376 1940 μεγάλα
392 1859 462 1918 κακά
481 1862 618 1936 ἐποίησαν
634 1860 786 1942 Αἰγινήτας
799 1862 845 1920 καὶ
858 1863 922 1921 ἔπα-

104 1944 232 2016 Δθονύπ’
246 1946 363 2006 ε’κείνων.
396 1947 480 2024 ήμὲν
493 1949 567 2023 αἰτίη
580 1946 660 2023 αὕτη.
722 1955 725 1960 ’

162 2032 304 2111 Ἐμήκυνα
324 2035 354 2094 δὲ
373 2036 438 2112 περὶ
458 2035 571 2111 Σαμίων
585 2039 708 2111 μᾶλλον,
726 2036 770 2096 ὅτι
785 2043 842 2111 σφι
859 2038 923 2114 τρία
931 2039 970 2098 60

121 2121 186 2182 ε’στὶ
202 2123 325 2204 μέγιστα
344 2121 474 2182 άπάντων
491 2121 637 2198 Ἑλλήνων
658 2123 856 2204 ἐξεργασμένα·
878 2124 922 2184 ού-

119 2209 184 2286 ρεός
203 2235 235 2269 τε
253 2209 365 2288 ύψηλοῦ
386 2215 413 2273 ἔς
431 2209 604 2285 πεντήκοντα
621 2209 667 2267 καὶ
686 2209 783 2270 ἔκατόν
797 2210 920 2291 ὀργυιάς,

119 2296 221 2357 τούτου
236 2297 344 2378 ὄρυγμα
358 2296 480 2358 κάτωθεν
493 2296 649 2374 άρξάμενον
661 2296 855 2374 ἀμφίστομον.
888 2298 922 2359 τά

118 2386 173 2463 μὲν
191 2389 281 2462 μῆκος
300 2389 351 2444 τοῦ
371 2384 527 2466 ὀρύγματος
549 2384 618 2445 ἑπτά
639 2385 752 2446 στάδιοί
768 2390 831 2457 εἰσι,
845 2385 878 2446 τά
892 2387 923 2446 δὲ

118 2473 192 2550 ὕψος
211 2473 258 2532 καὶ
278 2472 356 2550 εὖρος
370 2471 441 2532 ὀκτῶ
456 2471 585 2552 ἑκάτερον
597 2472 690 2538 πόδες·
712 2473 758 2534 διά
771 2475 875 2539 παντός
892 2475 922 2534 δὲ

119 2559 208 2621 αὐτοῦ
230 2561 305 2622 ἄλλο
326 2560 435 2642 ὄρυγμα
460 2562 626 2640 εἰκοσίπηχυ
648 2561 741 2638 βάθος
761 2563 921 2641 ὀρώρυκται,

118 2648 236 2725 τρίπουν
249 2649 278 2708 δὲ
290 2649 323 2710 τά
338 2648 425 2726 εὖρος·
446 2648 480 2708 δι’
491 2647 523 2708 οὗ
536 2649 569 2709 τά
582 2649 654 2727 ὕδωρ
667 2649 864 2730 ὀχετευόμενον
876 2651 922 2710 διά

119 2736 257 2812 σωλήνων
275 2737 457 2818 παραγίνεται
477 2740 504 2800 ές
523 2737 576 2813 τήν
595 2737 689 2808 πόλιν,
709 2737 846 2818 άγόμενον
865 2737 922 2798 άπό

118 2823 247 2903 μεγάλης
259 2828 361 2906 πηγῆς·
377 2823 546 2904 ἀρχιτέκτων
554 2825 583 2883 δὲ
592 2827 642 2882 τοῦ
655 2823 812 2904 ὀρύγματος
823 2822 923 2885 τούτου

120 2911 230 2991 ἐγένετο
250 2911 396 2993 Μεγαρεύς
416 2910 576 2976 Εύπαλῖνος
596 2911 799 2988 Ναυστρόφου.
839 2917 922 2972 τοῦτο

117 3001 172 3077 μὲν
186 2999 220 3076 δή
235 3000 264 3060 ἓν
275 3003 331 3060 τῶν
346 3003 429 3077 τριῶν
442 3000 513 3060 ε’στί.
549 2998 675 3075 δεύτερον
688 2999 726 3068 δὲ,
739 3000 804 3076 περὶ
822 3001 923 3076 λιμένα

118 3089 204 3165 χῶμα
217 3091 247 3145 ἐν
260 3085 397 3166 θαλάσση
410 3087 502 3164 βάθος
521 3086 592 3146 κατά
606 3086 696 3146 εἰκοσι
709 3085 849 3168 ὀργυιέων·
869 3090 922 3163 μή·

119 3198 169 3236 κος
189 3173 219 3232 δὲ
238 3178 288 3232 τοῦ
308 3173 540 3252 χώματοςμέζον
553 3173 602 3233 δύο
615 3174 745 3233 σταδίων.
779 3175 872 3252 τρίτον
892 3173 924 3232 δέ

119 3265 178 3336 σφι
187 3261 353 3343 ἐξέργασται
362 3261 427 3337 νηός
436 3262 571 3342 μέγιστος
578 3259 688 3323 πάντων
698 3265 771 3337 νηῶν
779 3266 834 3322 τῶν
843 3261 924 3339 ἡμεῖς
