2150 3500
122 135 149 184 vr
240 199 243 204 A
464 129 627 180 neonem.
729 107 732 113 “
811 215 814 219 Ι
1040 140 1046 237 p

122 265 324 322 obsolescerent
335 263 468 334 siquando
479 278 530 332 pro
542 253 806 332 rerumpublicarum
814 246 984 318 mutationi-
1038 249 1046 331 l

121 359 174 413 bus
185 358 346 414 commercia
359 357 499 411 hominum
511 355 564 409 alio
580 355 796 410 transferrentur
803 376 811 422 ;
827 357 983 424 panegyris
1041 347 1046 398 ἰ

123 454 202 520 enim,
223 452 265 507 uti
286 451 387 521 optime
408 452 501 504 monet
523 449 631 517 Strabo,
652 465 752 516 magna
773 465 807 502 ex
827 452 909 517 parte
929 467 981 512 res

122 546 284 620 mercatoria
295 548 362 600 erat.
398 545 507 600 Lectori
522 543 608 612 igitur
619 544 703 598 semel
715 543 766 597 hae
778 543 814 596 de
824 559 856 597 re
867 543 980 607 monito

122 652 176 692 non
188 639 333 693 obscurum
348 638 409 705 erit,
422 637 570 706 plurimum
588 653 621 690 ex
640 635 810 704 supellectile
823 651 905 703 quam
919 635 979 687 his„

122 734 207 789 terias
218 733 421 802 conscripturum
433 731 486 784 sibi
498 731 636 798 congessit
650 729 760 796 Noster,
772 727 868 782 deberi
883 744 978 781 saecr-

122 825 219 880 dotum
237 824 377 890 sodalitiis,
397 823 496 892 quibus
514 822 595 876 officii
613 824 674 876 erat
691 822 794 889 templa
809 821 839 875 in
855 838 977 890 quorum

121 917 220 972 ricinia
243 920 392 972 conventus
417 917 464 971 isti
488 916 614 970 solennes
638 915 847 970 celebrabantur
874 931 977 984 procu

121 1024 190 1062 rare.
221 1009 292 1064 Inde
304 1008 415 1078 planum
427 1009 460 1062 fit
472 1008 652 1074 narrationes,
663 1009 799 1076 quotquot
808 1024 824 1061 e
832 1007 883 1061 tali
894 1007 977 1061 fonte

121 1101 308 1168 manaverunt,
328 1116 379 1154 nee
401 1099 630 1166 locupletissimos
650 1098 752 1153 habere
773 1103 900 1154 auctores
920 1115 975 1153 nec

121 1195 215 1246 tamen
231 1193 339 1247 omnino
354 1191 523 1260 spernendas
539 1208 609 1260 esse,
624 1191 726 1261 quippe
742 1207 811 1260 quae
827 1191 900 1259 volgi
914 1188 974 1258 o'pi-

121 1284 216 1338 niones
237 1285 332 1354 quales
352 1301 381 1339 se
405 1287 471 1339 tunc
494 1279 627 1354 temporis
653 1283 807 1351 habuerint,
827 1284 884 1338 sine
908 1283 973 1337 fuco

121 1375 288 1432 rettulerint.
323 1377 366 1431 De
383 1393 439 1445 qua
453 1393 491 1444 re,
504 1378 607 1446 quippe
619 1393 689 1445 quae
705 1377 733 1429 in
748 1376 918 1444 praefatione
934 1375 973 1429 ad

121 1468 254 1537 majorem
263 1469 411 1525 editionem
423 1470 565 1523 enucleata
577 1470 620 1534 sit,
627 1469 743 1523 interius
754 1486 825 1524 nunc
833 1470 971 1524 disserere

122 1562 338 1630 supersedemus,
349 1563 472 1618 breviter
488 1563 597 1615 tantum
612 1560 760 1616 indicaturi
775 1562 881 1631 aliquas
896 1579 912 1616 e
926 1579 970 1616 re-

121 1653 248 1721 gionibus
270 1671 321 1722 per
338 1648 414 1724 quis,
436 1669 498 1709 eum
522 1652 626 1708 Noster
648 1652 777 1708 historias
801 1657 968 1723 contexeret,

27 1820 28 1823 Ἴ
121 1750 291 1801 mercaturae
304 1745 413 1801 fiebant.

174 1840 208 1894 In
223 1840 275 1895 hac
287 1842 446 1910 quaestione
461 1841 614 1913 principem
629 1841 719 1897 locum
729 1846 807 1899 tenet
823 1843 904 1898 Nilus
918 1843 968 1897 fln-

121 1948 194 2001 men,
202 1932 230 1987 in
241 1933 320 2003 cujus
331 1935 408 1989 ostiis
421 1936 481 2004 jam
493 1936 559 1991 inde
570 1954 588 1991 a
600 1937 787 1993 Psammitiehi
798 1939 967 2008 temporibus

121 2023 254 2091 plurimae
263 2025 389 2080 civitates
398 2027 519 2083 Graecae
528 2028 630 2082 insulas
639 2032 843 2097 occupaverant.
868 2030 967 2085 Postea

27 2134 29 2191 g
120 2114 241 2169 universi
264 2116 293 2170 in
311 2118 472 2173 Naucratim
492 2120 587 2189 coacti,
607 2120 759 2188 emporium
781 2120 821 2174 ibi
838 2122 966 2175 constitu·
1048 2103 1049 2106 Ἰ

121 2210 210 2278 erunt,
226 2208 299 2263 unde
316 2209 369 2263 toti
386 2212 514 2280 Aegypto
529 2211 652 2265 inferiori
670 2228 775 2265 merces
790 2214 902 2267 exterae
919 2214 965 2267 im-

120 2301 310 2371 portabantur,
326 2320 430 2358 necnon
448 2321 536 2374 usque
554 2305 591 2359 ad
609 2304 724 2373 Thebas,
742 2322 794 2373 ope
812 2307 965 2361 Etesiorum
1048 2319 1049 2338 ¹

120 2398 271 2462 ventorum,
284 2413 334 2465 per
345 2397 528 2466 quadraginta
544 2398 605 2452 fere
616 2398 677 2453 dies
691 2401 837 2468 quotannis
852 2403 964 2457 adverso

120 2484 232 2540 flumine
241 2486 417 2543 vehebantur.
435 2489 645 2557 HincadMyos
653 2490 797 2557 Hermum,
803 2494 851 2561 qui
860 2494 888 2548 in
897 2497 964 2549 Ara

120 2577 181 2633 bico
193 2579 254 2634 sinn
270 2581 339 2635 situs
356 2584 405 2647 est,
416 2598 468 2650 per
481 2580 730 2638 desertaloeorum
742 2586 853 2640 camelis
869 2586 963 2644 ibatur.

120 2670 962 2749 QuicquidaromatumexIndiavelAtramitide,veldenique

120 2761 288 2833 Taprobane,
300 2764 329 2818 in
345 2765 487 2819 Graeciam
505 2767 672 2837 pervenerit,
683 2768 735 2822 hae
749 2769 795 2823 ria
811 2773 963 2839 pervenisse

119 2855 305 2910 credibileest.
318 2856 962 2928 Atvelremotissimistemporibusinter'l'hebas
1048 2879 1049 2886 ¹

29 3024 30 3029 ἵ
120 2949 303 3019 Aegyptiacus
312 2951 342 3003 et
352 2966 429 3004 mare
437 2951 669 3006 mediterraneum
678 2954 841 3007 commercia
849 2955 962 3024 viguisse

119 3039 254 3112 videntur,
265 3059 327 3097 cum
345 3042 456 3097 divitiae
471 3043 554 3113 hujus
569 3044 647 3099 urbis
660 3045 704 3100 vel
718 3044 753 3098 ab
766 3045 888 3101 Homero
900 3048 961 3103 cele

118 3132 240 3190 brentur.
276 3136 332 3191 Sed
354 3140 421 3192 tune
442 3137 575 3206 temporis
598 3139 769 3191 mercaturae
791 3155 842 3207 per
864 3143 961 3195 terram

30 3260 31 3263 η
118 3224 229 3282 fiebant.
264 3228 353 3285 Statio
368 3229 499 3298 primaria
514 3230 576 3283 erat
590 3226 669 3282 Oasis
685 3227 788 3295 Magna
800 3228 849 3295 (El
866 3229 960 3299 Wat);
