2150 3500
168 81 216 129 288
465 88 650 137 ‘HPOAO'PO'P
661 88 666 92 ²
902 85 964 150 [TV.

121 163 157 221 21
209 160 312 223 Τάναϊν
324 162 354 223 δὲ
365 163 493 242 ποταμδν
506 162 636 239 διαβάντι
649 162 741 225 οὐκέτι
754 163 886 240 Σκυθική,
899 165 966 232 ἀλλ’

167 250 187 326 ἡ
201 252 253 326 μέν
269 250 366 329 πρώτη
385 256 440 312 τῶν
455 253 559 322 λαξίων
577 253 778 337 Σαυροματέων
794 254 866 313 ε’στί·
889 253 917 313 οἳ
936 260 967 314 εἰε

167 341 219 398 τοῦ
230 343 322 417 μυχοῦ
335 338 484 416 ἀρξάμενοι
492 344 543 415 τῆς
551 338 706 414 Μαιήτιδος
717 340 826 416 λίμνης,
836 340 967 417 νέμονται

167 425 201 487 τδ
218 425 289 502 πρὸς
303 427 396 501 βορῆν
415 425 516 503 ἅνεμον
535 427 660 503 ἡμερέων
675 426 871 487 πεντεκαίδεκα
892 428 966 501 ὁδδν,

167 517 263 573 πᾶσαν
290 516 393 573 έοῦσαν
412 514 500 592 ψιλήν
520 515 568 572 καὶ
590 513 693 595 ἀγρίων
713 514 760 573 καὶ
778 514 890 592 ἡμέρων
909 515 967 577 δεν-

168 600 261 676 δρέων·
300 599 494 678 ὑπεροικέουσι
527 602 558 661 δὲ
588 600 693 662 τούτων
724 602 854 678 δευτέρην
885 603 968 673 λάξιν

168 688 277 766 ἔχοντες
298 689 434 759 Βουδῖνοι,
447 693 503 769 γῆν
518 688 665 766 νεμόμενοι
679 694 776 749 πᾶσαν
792 690 898 766 δασέην
912 689 968 772 ὕλη

120 776 158 835 22
170 776 297 855 παντοίῃ·
318 777 455 837 Βουδίνων
475 777 506 835 δὲ
525 776 679 853 κατύπερθε
699 776 769 854 πράς
788 779 890 855 βορῆν,
907 780 968 839 ἔστι

170 862 265 941 πρώτη
279 866 332 942 μὲν
349 868 451 942 ε’ρῆμος
471 863 513 924 ἐπ’
526 864 651 941 ἡμερέων
669 865 739 924 έττά
759 864 834 935 ὁδόν,
848 865 924 941 μετά
938 867 968 927 δὲ

166 951 219 1026 τὴν
245 957 355 1029 ε’ρῆμον,
375 949 555 1012 ἀποκλίνοντι
574 955 688 1029 μάλλον
706 951 778 1030 πρδς
804 951 969 1031 ἀπηλιώτην

167 1038 276 1117 ἄνεμον,
302 1040 432 1117 νέμονται
457 1040 647 1120 Θυσσαγέται,
675 1042 753 1103 ἔθνος
779 1042 894 1101 πολλάν
923 1044 969 1102 καὶ

167 1126 246 1188 Ιίδιον·
267 1126 369 1198 ζώουσι
384 1129 414 1187 δὲ
434 1127 490 1188 ἀπό
511 1127 607 1205 θήρης.
647 1129 777 1207 συνεχέες
794 1129 825 1187 δὲ
840 1128 969 1192 τούτοισι

168 1218 198 1273 ἐν
215 1219 292 1278 τοῖσι
319 1214 429 1276 αὐτοῖσι
453 1215 569 1276 τόποισι
589 1218 783 1291 κατοικημένοι
809 1218 867 1276 εἶσὶ
891 1222 970 1279 τοῖσι

169 1302 274 1381 οὕνομα
292 1306 380 1364 κείται
392 1304 505 1381 Ἰῧρκαι,
518 1305 566 1363 καὶ
583 1302 660 1364 οὗτοι
679 1302 736 1363 dn&
752 1303 842 1380 θήρης
853 1305 969 1376 ζώοντες

167 1391 261 1471 τράπῳ
280 1393 384 1471 τοιῷδε·
404 1394 480 1471 λοχᾷ
500 1392 547 1473 ε’πὶ
573 1390 699 1468 δένδρεον
720 1389 839 1467 ἀναβάς·
869 1392 918 1473 (τά
938 1394 969 1454 δέ

168 1483 230 1538 ε’στι
243 1479 332 1540 πυκνά
345 1479 399 1541 ἀνοὶ
411 1483 508 1539 πᾶσαν
519 1478 573 1555 τήν
584 1478 699 1557 χώρην)
715 1479 799 1542 ἵππος
809 1478 839 1537 δὲ
850 1480 968 1561 ἑκάστω,

168 1566 373 1648 δεδιδαγμένος
393 1568 440 1627 ε’πὶ
472 1568 599 1648 γαστέρα
625 1567 736 1627 κεῖσθαι
768 1567 969 1644 ταπεινότητος

168 1653 266 1724 εἵνεκα,
288 1654 395 1731 έτοῖμός
415 1660 485 1725 ἔστι,
506 1656 554 1729 καὶ
572 1652 651 1713 κύων·
679 1652 765 1713 ε’πεάν
781 1653 813 1713 δὲ
830 1653 919 1734 ἀπίδῃ
933 1656 968 1715 τδ

168 1741 265 1818 θηρίον
285 1740 410 1804 ἀπὸτοῦ
431 1742 565 1820 δενδρέου,
578 1740 714 1811 τοξεύσας
734 1740 780 1801 καὶ
800 1742 906 1819 ε’πιβάς
921 1746 969 1804 ἐπὶ

167 1829 217 1888 τὸν
233 1830 318 1891 ἵππον
338 1831 436 1902 διώκει,
447 1832 497 1890 καὶ
514 1831 531 1891 o‘
546 1830 617 1891 κάων
636 1831 736 1909 ἔχεται
777 1828 849 1907 ὑπὲρ
862 1831 894 1889 δὲ
905 1831 968 1891 τοί-

166 1941 228 1987 των,
246 1916 280 1977 τδ
299 1918 370 1995 πράς
385 1917 438 1996 τὴν
453 1918 495 1994 ἠῶ
514 1918 695 1978 ἀποκλίνοιτι
714 1917 838 1978 οἰκέουσι
858 1919 967 1982 Meu

167 2004 261 2077 ἀλλοι,
275 2005 331 2076 ἀπὸ
344 2011 399 2068 τῶν
411 2007 573 2083 βασιληίων
587 2007 714 2069 Σκυθέων
731 2004 907 2070 ἀποστάντες
919 2007 967 2066 καὶ

169 2093 240 2153 οὕτω
253 2093 416 2172 ἀπικόμενοι
429 2099 457 2157 ές
469 2099 571 2154 τοῦτον
582 2093 633 2152 τὸν
644 2097 747 2172 χώραν.

118 2184 158 2243 23
206 2183 301 2261 Μέχρι
320 2185 372 2260 μὲν
392 2182 426 2256 δὴ
445 2185 496 2258 τῆς
515 2179 620 2241 τούτων
638 2184 695 2240 τῶν
715 2178 844 2245 Σκυθέων
862 2181 965 2260 χώρης,

165 2271 227 2329 ἔστι
242 2271 261 2346 ἡ
281 2271 487 2348 καταλεχθεῖσα
505 2273 587 2328 πᾶσα
603 2268 699 2331 πεδιάς
716 2293 748 2327 τε
761 2272 802 2348 γῆ
814 2269 863 2328 καὶ
874 2270 966 2344 βαθθ·

165 2382 238 2436 γεος·
258 2357 291 2417 τά
308 2357 330 2416 δ’
345 2356 401 2416 ἀπὸ
416 2356 524 2426 τούτου,
537 2356 658 2431 λιθώδης
672 2355 696 2415 τ’
711 2357 773 2416 ε’στὶ
788 2357 837 2414 καὶ
848 2358 966 2435 πρηχέη.

165 2444 333 2512 διεξελθόντι
346 2445 376 2502 δὲ
390 2445 498 2519 καὶτῆς
517 2445 636 2522 τρηχέης
652 2447 744 2521 χῶρον
761 2444 881 2514 πολλάν,
894 2445 967 2504 οἰκέ-

166 2555 231 2590 ουσι
248 2529 374 2607 ἀπώρεον
394 2531 495 2608 οὐρέων
517 2532 635 2608 ὖψηλῶν
654 2530 795 2607 ἅνθρωποι
815 2529 967 2612 λεγόμενοι

166 2617 235 2677 εἶναι
261 2618 361 2682 πάντες
387 2619 530 2695 φαλακροὶ
558 2625 588 2678 εἰ(
614 2622 710 2700 γενεῆς
734 2617 899 2698 γινόμενοι,
919 2619 966 2678 καὶ

123 2743 125 2750 ,
165 2707 272 2781 ἔρσενες
298 2707 344 2766 καὶ
359 2706 468 2782 Ιθήλεαι
491 2705 600 2784 ὁμοίως,
624 2706 672 2765 καὶ
696 2706 778 2782 σιμοὶ
801 2707 849 2764 καὶ
869 2706 966 2786 γένεια

164 2795 272 2870 ἔχοντες
296 2794 416 2874 μεγάλα,
438 2793 533 2869 φωνην
553 2794 583 2852 δὲ
610 2794 681 2869 ἰδίην
707 2795 793 2856 ἱέντες
813 2793 915 2868 ἐσθῆτι
934 2793 967 2853 δὲ

163 2881 314 2957 χρεώμενοι
334 2882 465 2959 Σκυθικῇ,
487 2881 585 2950 ζῶντες
606 2880 636 2939 δὲ
657 2879 713 2939 ἀπὸ
735 2880 876 2957 δενδρέων·
896 2906 965 2940 πον·

161 2968 239 3026 τικὸν
251 2970 303 3045 μὲν
315 2967 420 3042 οὔνομα
431 2972 470 3044 τῷ
483 2967 597 3044 δενδρέῳ
611 2965 668 3026 ἀπὸ
683 2971 734 3027 τοῦ
747 2968 825 3038 ζῶσι,
838 2968 966 3048 μέγαθος

163 3052 193 3110 δὲ
213 3054 283 3113 κατά
311 3056 413 3128 συκέην
438 3053 568 3130 μάλιστά
594 3078 639 3128 κη·
674 3054 782 3131 καρπδν
808 3054 838 3112 δὲ
866 3056 965 3131 φορέει

151 3138 256 3217 ,κυάμῳ
276 3141 348 3209 ἴσον,
369 3144 478 3215 πυρῆνα
498 3139 527 3198 δὲ
549 3140 615 3217 ἔχει·
638 3145 722 3201 τοῦτο
742 3141 827 3200 ε’πεάν
846 3143 964 3220 γένηται

161 3226 259 3292 πέπον,
279 3229 432 3284 σακκέουσι
453 3226 597 3300 ἱματίοισι·
618 3225 750 3304 ἀπορρέει
766 3225 789 3286 δ’
805 3225 854 3286 ἀπ’
873 3227 963 3288 αὐτοῦ
