2150 3500
93 130 187 197 7—11]
426 134 560 185 οιιοιι.
845 135 895 184 τοι
923 130 926 134 ’

92 214 200 290 χανιῖτο
226 211 328 272 τοιάδε.
369 211 474 277 οἶσκοιίς
500 212 634 290 καμήλων
652 212 769 289 πλήσας
786 213 894 285 ὕδατος,

93 298 213 369 ἐπέσαξε
234 300 279 358 ἐπὶ
298 298 350 363 τάς
370 298 439 370 ζωοὶς
458 303 513 361 τῶν
533 299 667 376 καμήλων
684 298 789 363 πάσας·
807 306 892 361 τοῦτο

93 386 124 446 δὲ
149 386 279 463 ποιήσας,
306 384 399 463 ἤλασε
425 392 453 450 ἐς
478 386 530 463 τήν
556 386 680 464 ἄνυδρον,
703 388 750 447 καί
774 388 893 465 ύπέμενε

94 474 212 535 ἐνθαῦτα
242 475 293 535 τάν
323 475 489 552 Καμβύσεω
519 474 650 553 στρατόν.
690 474 771 541 οὗτος
799 479 851 553 μέν
876 476 894 537 εἰ

92 562 279 640 πιθανώτερος
304 566 360 622 τῶν
385 563 479 645 λόγων
505 564 621 641 εἴρηται·
655 564 698 624 δεῖ
723 563 753 623 δὲ
776 564 822 624 καὶ
843 562 895 625 τδν

92 646 188 724 ἧσσον
202 650 328 720 πιθανὸν,
348 652 410 710 ἐπεί
423 677 457 732 γε
477 650 512 728 δή
533 652 655 732 λέγεται,
674 653 802 728 ῥηθῆναι.
843 678 894 713 πο-

91 737 181 813 ταμός
193 740 256 798 ἐστι
269 738 358 819 μέγας
372 744 401 799 ἐν
421 737 593 817 τῇἈραβίη
610 743 649 818 τῷ
666 737 772 816 οὕνομα
789 739 893 817 Κόρυς·

92 824 196 885 ἐκδιδοῖ
215 826 245 885 δὲ
265 823 346 890 οὗτος
369 831 397 890 ἐς
415 826 468 902 τήν
487 825 626 904 Ἐρυθρήν
651 828 822 903 καλεομένην
845 827 892 889 θά-

91 915 220 974 λασσαν·
252 912 308 975 άπδ
328 913 429 974 τούτου
449 914 483 991 δή
505 914 544 974 ὧν
561 919 613 974 τοῦ
633 920 762 992 ποταμοῦ
781 917 894 997 λέγεται

91 999 144 1061 τδν
169 1004 297 1079 βασιλέα
322 1007 377 1064 τῶν
396 1003 547 1081 Ἀραβίων,
568 1003 730 1080 ῥαψάμενον
755 1008 810 1064 τῶν
831 1004 901 1081 ὦμο-

91 1090 185 1165 βοέων
203 1090 249 1148 καὶ
267 1094 323 1151 τῶν
336 1090 439 1162 γἄλλων
460 1090 601 1167 δερμάτων
617 1089 717 1169 α’χετδν
732 1089 815 1168 μήκει
834 1096 892 1150 ἐπι·

92 1175 241 1254 κνεύμενον
254 1182 282 1240 ἐς
292 1178 344 1254 τήν
360 1177 484 1254 ἄνυδρον,
499 1177 616 1258 οἶγαγεῖν
634 1177 679 1256 διοί
692 1177 728 1253 δή
744 1177 845 1238 τούτου
857 1176 892 1239 ro*

91 1263 175 1341 ὕδωρ·
204 1270 233 1325 ἐν
259 1266 290 1325 δὲ
314 1270 351 1345 τῇ
377 1265 482 1344 α’νύδριρ
508 1265 635 1344 μεγάλας
661 1264 809 1342 δεξαμενάς
832 1266 893 1345 εἰρύ-

92 1352 206 1422 ξασθαι,
232 1353 277 1413 ἵνα
303 1351 448 1430 δεκόμεναι
470 1353 503 1412 τδ
526 1351 599 1429 ὕδωρ
620 1352 740 1423 σώζωσι·
769 1352 846 1432 (άδδς
869 1353 893 1414 δ’

92 1440 156 1500 ἐστι
176 1440 297 1500 δυώδεκα
316 1440 440 1519 ήμερέων
458 1439 514 1500 α’πδ
533 1444 584 1500 τοῦ
601 1444 730 1518 ποταμοῦ
748 1445 776 1503 ἐς
790 1441 894 1516 ταύτην

91 1527 145 1603 τήν
155 1527 292 1608 ἄνυδρον)
311 1528 388 1611 ἅγειν
401 1529 433 1589 δέ
443 1554 493 1605 μιν
502 1527 549 1588 διδ
563 1527 668 1608 ὀχετῶν
676 1532 760 1606 τριῶν
774 1533 801 1592 ἐς
813 1529 896 1607 τριξιί

91 1616 192 1696 χωρία.

135 1701 184 1764 Ἐν
210 1704 241 1765 δὲ
265 1708 304 1785 τῷ
330 1705 484 1787 Πηλουσίῳ
511 1706 670 1786 καλεομένῳ
696 1705 818 1784 στόματι
843 1708 894 1766 τοῦ
904 1707 942 1766 10

93 1792 203 1852 Νείλου
231 1793 481 1870 ἐστρατοπεδεύετο
507 1794 690 1872 Ψαμμήνιτος
716 1794 732 1854 ὁ
758 1793 895 1871 Ἀμάσιος

92 1883 169 1949 παῖς,
182 1879 325 1958 ύπομένων
346 1881 518 1959 Καμβύσεα·
548 1881 676 1959 Ἀμασιν
689 1882 745 1964 γάρ
765 1881 798 1942 ού
817 1882 895 1942 κατέ·

92 1969 172 2044 λαβε
184 1969 274 2039 ζῶντα
286 1969 449 2045 Καμβύσης
463 1969 569 2032 ἐλάσας
582 1969 625 2029 ἐπ’
638 1971 791 2051 Αἴγυπτον·
818 1968 896 2028 ἄλλά

92 2056 273 2133 βασιλεύσας
293 2055 452 2134 ὅἈμασις
470 2058 595 2133 τέσσερα
619 2057 665 2114 καὶ
684 2055 896 2133 τεσσαράκοντα

93 2146 159 2204 ἔτεα
170 2143 300 2206 α’πέθανε·
316 2149 346 2205 ἐν
354 2148 431 2204 τοῖσι
444 2144 523 2205 οὐδέν
533 2148 561 2204 οἱ
572 2145 647 2226 μέγα
659 2142 793 2221 άνάρσιον
806 2147 894 2223 πρῆγ·

92 2257 137 2310 μα
153 2233 325 2311 συνενείχθη·
346 2231 493 2292 άποθανοίν
506 2232 536 2292 δὲ
549 2233 596 2290 καί
612 2232 791 2310 ταριχευθεὶς,
807 2231 897 2308 ἐτάφη

94 2325 127 2381 ἐν
138 2323 332 2400 τῇσιταφῇσι
344 2325 412 2399 τῇσι
427 2325 456 2382 ἐν
468 2324 506 2399 τῷ
524 2323 572 2399 ἱρῷ
584 2318 636 2382 τάς
650 2319 734 2383 αύτὸς
754 2318 897 2395 οἰκοδομή-

94 2434 181 2468 σατο.
223 2410 269 2468 ἐπὶ
286 2410 470 2487 Ψαμμηνίτου
491 2408 522 2468 δὲ
537 2411 588 2469 τοῦ
606 2406 744 2484 Ἀμάσιος
760 2407 898 2484 βασιλεύ·

30 2505 32 2510 ’
96 2522 178 2559 οντος
201 2496 353 2578 Αἰγύπτου,
378 2497 483 2575 φάσμα
503 2498 685 2578 Αἰγυπτίοισι
704 2497 841 2577 μέγιστον
864 2495 898 2572 δή

96 2585 217 2664 ἐγένετο·
250 2584 382 2662 ὕσθησαν
404 2584 460 2665 γάρ
483 2587 581 2662 Θῆβαι
603 2589 633 2644 αἰ
653 2585 811 2666 Αἰγύπτιαι,
836 2583 900 2644 οὔτε

95 2669 235 2749 πρότερον
262 2671 370 2749 οὐδαμοῖ
389 2671 521 2732 ὑσθεῖσαι
544 2672 608 2734 ούτε
626 2671 744 2750 ὕστερον
762 2671 796 2732 τδ
815 2672 901 2750 μέχρι

98 2763 174 2836 ἐμεῦ,
188 2759 224 2824 οῖς
242 2760 361 2842 λέγουσι
381 2759 460 2820 αύτοὶ
473 2761 606 2836 Θηβαῖοι.
650 2760 683 2821 ού
699 2761 755 2836 γάρ
772 2759 806 2835 δή
824 2758 901 2819 ὕεται

51 2881 56 2886 ·
98 2850 136 2908 τά
151 2846 207 2908 άνω
223 2852 274 2924 τῆς
292 2849 436 2930 Αἰγύπτου
455 2847 489 2908 τδ
509 2848 652 2925 παράπαν·
673 2847 751 2905 ἀλλά
772 2847 818 2904 καὶ
837 2847 901 2906 τότε

98 2935 231 3012 ὕσθησαν
247 2940 276 2996 αἰ
295 2938 393 3013 Θῆβαι
413 2935 526 3014 ψακάδι.
570 2939 608 2994 Οἰ
626 2935 656 2993 δὲ
673 2936 785 3010 Πέρσαι
798 2935 901 2993 ἐπείτε
911 2934 945 2992 11

100 3024 312 3094 διεξελάσαντες
327 3024 380 3100 τήν
398 3023 514 3102 ἄνυδρον
532 3024 622 3095 ἵζοντο
641 3023 731 3085 πέλας
747 3025 802 3082 τῶν
819 3024 902 3101 Αἰγυ-

100 3114 188 3173 πτίων
214 3111 250 3176 ὦς
276 3113 496 3190 συμβαλέοντες,
520 3113 639 3172 ἐνθαῦτα
662 3113 690 3171 οἰ
713 3109 852 3185 ἐπίκουροι
874 3110 902 3169 οῖ

99 3196 155 3261 τοῦΙ
165 3202 327 3281 Αἰγυπτίου,
342 3199 431 3265 ἐόντες
444 3198 687 3277 άνδρεςἝλληνές
699 3222 730 3258 τε
744 3197 789 3257 καὶ
799 3199 902 3274 Κᾶρες,

102 3287 279 3368 μεμφόμενοι
288 3292 327 3368 τῷ
336 3287 413 3368 Φάνῃ
423 3286 468 3348 ὅτι
477 3286 600 3364 στρατδν
607 3284 696 3368 ἤγαγε
706 3284 749 3347 ἐπ’
759 3285 903 3367 Αἴγυπτον
