2150 3500
95 104 237 171 τσο-ιιι]
427 108 564 160 omn.
847 112 898 163 ιω

90 184 218 265 ὕπαρχος
233 182 370 263 Ὀροίτης,
384 185 454 265 άνήρ
476 187 604 266 Πέρσης.
636 185 719 253 οὗτος
734 186 895 266 έπεθύμησε

89 272 258 353 πρήγματος
271 272 320 332 οὐκ
333 273 425 334 ὁσίου·
447 273 511 335 ούτε
522 276 579 356 γάρ
592 300 620 335 τι
633 274 731 336 παθάν
740 274 804 337 οὔτε
816 275 897 337 άκού-

89 385 148 423 σας
166 359 286 436 μάταιον
306 361 371 425 ἔπος
391 362 462 441 πρδς
483 362 682 440 Πολυκράτεος
703 367 755 423 τοῦ
779 365 896 441 Σαμίου,

90 446 156 508 οὔτε
169 448 232 509 ίδών
243 448 387 528 πρότερον,
396 450 529 527 ἐπεθύμεε
539 450 640 527 λαβών
648 449 732 511 αύτάν
742 450 894 525 ἀπολέσαι,

91 535 130 599 ὥς
143 537 195 613 μὲν
212 538 238 596 οἶ
254 539 372 600 πλεῦνες
389 538 516 618 λέγουσι,
530 537 577 598 διά
585 536 703 614 ’τοιήνδε
719 538 782 598 τινὰ
795 541 896 617 αἰτίην·

91 624 207 684 ἐπὶτῶν
218 624 358 699 βασιλέος
372 624 475 703 θυρέων
488 623 644 702 κατήμενον
656 624 706 686 τόν
717 650 750 685 τε
761 624 893 704 Ὀροίτην

91 711 140 770 καὶ
162 709 254 772 ἄλλον
275 712 401 790 Πέρσην,
422 716 461 791 τῷ
483 711 589 789 οὕνομα
610 711 679 773 εἶναι
699 712 895 789 Μιτροβάτεα,

90 802 179 875 νομοῦ
197 797 321 879 ἄρχοντα
332 804 383 860 τοῦ
396 804 426 861 έν
439 802 616 881 Δασκυλείῳ,
629 799 745 863 τούτους
757 805 788 859 ἐκ
800 799 894 882 λόγων

91 890 121 949 ές
144 887 234 946 νείκεα
256 888 437 964 συμπεσέειν·
465 888 632 965 κρινομένων
649 888 680 947 δὲ
700 887 765 965 περὶ
784 886 892 965 άρεπῆς,

91 976 179 1034 εἰπεῖν
190 973 241 1035 τάν
254 974 442 1052 Μιτροβάτεα
454 980 493 1055 τῷ
505 975 621 1055 Ὀροίτῃ
631 975 820 1053 προφέροντα·
835 976 895 1037 “σύ

89 1060 147 1143 γάρ
166 1068 195 1123 έν
213 1060 318 1140 άνδρῶν
330 1062 415 1145 λόγῳ,
429 1062 461 1127 ὃς
475 1063 599 1140 βασιλέϊ
611 1067 700 1140 νῆσον
714 1062 811 1141 Σάμον
823 1064 894 1142 πρὸς

89 1154 130 1229 τῷ
146 1154 189 1229 σῷ
205 1154 282 1229 νομῷ
301 1152 507 1229 προσκειμένην
521 1150 554 1212 ού
570 1150 780 1230 προσεκτήσαο,
794 1150 846 1211 ὧδε
859 1152 895 1229 δή

89 1264 119 1298 τι
137 1242 239 1300 έοῦσαν
255 1237 371 1299 εὐπετέα
385 1241 554 1319 χειρωθῆναι
563 1266 572 1310 ;
592 1239 645 1316 τήν
663 1243 720 1300 τῶν
735 1264 779 1303 τις
795 1244 895 1319 ἐπιχαι-

89 1328 157 1403 ρίων
169 1327 367 1387 πεντεκαίδεκα
379 1327 517 1407 ὁπλίτῃσι
529 1326 690 1390 ἐπαναστάς
702 1327 779 1404 ἔσχε,
790 1328 837 1385 καὶ
846 1331 895 1387 νῦν
919 1392 924 1397 ,

90 1412 178 1489 αάτῆς
194 1412 379 1493 τυραννεύει.”
413 1418 440 1474 οἶ
454 1418 508 1492 μὲν
520 1414 556 1490 δή
568 1415 617 1491 μίν
629 1421 704 1491 φασι
715 1417 801 1473 τοῦτο
814 1412 894 1473 άκού·

89 1526 189 1572 σαντα,
208 1502 254 1561 καὶ
273 1501 441 1583 ἀλγήσαντα
459 1505 499 1581 τῷ
522 1501 629 1572 Mei,
648 1502 822 1578 ἐπιθυμήσω
843 1500 894 1561 οὔκ

90 1588 162 1648 οὕτω
180 1588 231 1649 τάν
247 1590 363 1651 εἴπαντα
381 1594 470 1649 ταῦτα
488 1590 636 1659 τίσασθαι,
653 1588 688 1653 ὦς
706 1587 893 1666 Πολυκράτεα

89 1674 199 1740 πάντως
211 1675 354 1737 α’πολέσαι
367 1676 401 1737 δι’
414 1676 521 1738 ὅντινα
534 1680 624 1740 κακῶς
636 1675 752 1754 ἤκουσε.
787 1681 825 1738 Οί
842 1677 873 1737 δὲ
882 1679 935 1739 12]

90 1763 246 1828 ἐλάσσονες
263 1766 391 1847 λέγουσι,
411 1766 522 1844 πέμψαι
539 1764 670 1843 Ὀροίτεα
687 1770 715 1830 ἔς
733 1765 831 1845 Σάμον
846 1765 893 1842 κή-

88 1876 162 1928 ρυκα
181 1851 245 1913 ὅτευ
262 1853 296 1929 δή
315 1851 460 1932 χρήματος
478 1853 658 1930 δεησόμενον·
679 1852 712 1914 ού
727 1853 782 1934 γάρ
803 1853 893 1932 ὦνδή

89 1939 175 1999 ταῦτά
187 1966 222 2021 γε
238 1941 360 2021 λέγεται·
381 1940 428 2001 καὶ
440 1939 490 2002 τάν
503 1940 691 2018 Πολυκράτεα
702 1945 797 2020 τυχεῖν
810 1967 892 2005 κατατ

90 2027 217 2104 κείμενον
229 2032 258 2088 έν
271 2027 409 2106 ἀνδρεῶνι,
422 2031 553 2106 παρεῖναι
564 2027 596 2087 δέ
609 2030 636 2087 οἱ
649 2028 696 2087 καὶ
707 2026 893 2106 Ἀνακρέοντα

89 2114 142 2175 τάν
154 2114 250 2191 Τήϊον·
271 2116 320 2175 καί
338 2141 399 2187 κως,
413 2115 461 2176 εἴτ’
475 2121 506 2176 ἐκ
518 2115 652 2192 προνοίης
669 2112 754 2176 αύτὸν
773 2120 892 2192 κατηλο-

88 2204 193 2285 γέοντα
204 2201 240 2264 τά
254 2201 386 2280 Ὀροίτεω
398 2203 559 2286 πρήγματα,
574 2204 629 2263 εἴτε
642 2203 689 2262 καὶ
701 2204 837 2282 συντυχίη
850 2229 892 2268 τις

89 2290 206 2368 τοιαύτη
221 2292 377 2373 ἐπεγένετο·
396 2291 446 2353 τόν
458 2317 490 2353 τε
502 2291 559 2373 γάρ
573 2290 680 2368 κήρυκα
693 2289 744 2351 τδν
760 2289 893 2367 Ὀροίτεω

89 2379 269 2457 παρελθόντα
279 2380 468 2461 διαλέγεσθαι,
477 2381 522 2440 καὶ
531 2379 583 2440 τὸν
595 2376 789 2457 Πολυκράτεα,
798 2382 893 2457 πιχεῖν

88 2465 146 2549 γάρ
166 2467 395 2545 ἐπεστραμμένου
413 2467 482 2544 πρὸς
498 2467 549 2528 τάν
563 2470 669 2546 τοῖχον,
686 2464 750 2527 οὔτε
765 2491 793 2526 τι
807 2491 891 2542 μετα-

89 2559 254 2633 στραφῆναι
267 2554 331 2616 οίπε
342 2553 555 2632 ὖποκρίνασθαι·
576 2555 672 2615 Αἰτίαι
683 2557 736 2632 μὲν
745 2554 780 2631 δή
791 2552 873 2615 αὗται
882 2557 939 2615 122

89 2642 223 2719 διφάσιαι
243 2644 376 2725 λέγονται
397 2645 448 2703 τοῦ
472 2641 592 2703 θανάτου
618 2647 670 2704 τοῦ
695 2641 893 2722 Πολυκράτεος

88 2730 232 2812 γενέσθαι·
251 2731 373 2810 πάρεστι
390 2730 421 2790 δὲ
440 2730 589 2792 πείθεσθαι
604 2728 722 2809 ὁκοτέρῃ
734 2756 777 2794 τις
788 2730 892 2806 βούλε-

88 2843 137 2878 ται
155 2817 267 2880 αὐτέων.
301 2818 318 2880 ὅ
334 2818 369 2895 δή
388 2817 426 2878 ὧν
440 2816 579 2896 Ὀροίτης,
593 2815 718 2894 ἱζόμενος
732 2821 763 2877 έν
776 2822 891 2898 Μαγνη-

88 2907 141 2985 σίῃ
158 2909 195 2985 τῇ
212 2906 282 2984 ύπέρ
298 2904 462 2982 Μαιάνδρου
477 2907 607 2980 ποταμοῦ
628 2904 768 2983 οἰκημένῃ,
786 2904 891 2981 ἔπεμπε

88 2992 212 3071 Μύρσον
223 2994 274 3055 τόν
286 2993 382 3075 Γύγεω
400 2991 487 3070 ἄνδρα
499 2990 593 3053 Λυδόν
606 2995 634 3054 ές
646 2991 743 3068 Σάμον
755 2989 891 3072 α’γγελίην

89 3080 223 3158 φέροντα,
236 3080 334 3157 μαθών
346 3083 397 3140 τοῦ
410 3077 608 3157 Πολυκράτεος
624 3077 675 3138 τάν
687 3076 762 3139 νάον.
796 3080 891 3136 Πολυ-

88 3167 193 3245 κράτης
212 3166 268 3250 γάρ
289 3172 351 3227 ε’στι
370 3169 479 3244 πρῶτος
491 3170 547 3226 τῶν
559 3164 639 3241 ἡμεῖς
654 3163 734 3241 Ιι’δμεν
745 3163 891 3241 Ἑλλήνων

87 3255 121 3320 ὃς
141 3253 401 3332 θαλασσοκρατέειν
413 3252 559 3330 ἐπενοήθη,
572 3249 663 3330 πάρεξ
673 3251 786 3316 Μίνωός
796 3277 828 3312 τε
838 3252 891 3312 τοῦ
