2150 3500
185 147 233 194 320
490 135 674 186 ἨΡΟΔΟΤΟΤ
944 133 1003 198 [lv.

185 217 302 299 σχεδίην
313 220 410 276 πᾶσαν
424 214 582 290 προθυμίην
595 213 733 289 σωτηρίης
751 238 785 274 τε
802 213 853 272 καὶ
869 217 1005 289 φυλακῆς

75 328 85 340 ·
186 304 381 384 παρεχόμενοι·
422 306 510 361 ταῦτα
537 301 569 360 δὲ
597 305 747 371 ποιεῦντες,
777 303 845 376 ἐμοὶ
868 301 1004 382 μεγώλως

187 390 358 474 χαριεῖσθε.”
392 393 510 467 Δαρεῖος
528 391 583 465 μὲν
592 393 681 450 ταῦτα
697 390 778 452 εἶπας
793 394 823 452 ές
844 389 882 450 τό
900 389 1000 468 πρόσω

188 481 320 562 ἐπείγετο.
1052 555 1053 560 ¹

140 572 178 632 99
227 571 284 642 Τῆς
302 567 332 625 δὲ
351 565 488 641 Σκυθικῆς
504 568 557 645 γῆς
575 564 594 641 ῆ
612 565 719 642 Θρηίκη
735 563 770 624 τό
791 568 821 628 ἔς
837 564 999 626 θάλασσαν
1052 561 1053 570 ’

186 655 339 734 πρόκειται·
360 653 468 714 κόλπου
488 653 518 712 δὲ
537 653 677 733 ἀγομένου
696 655 748 728 τῆς
767 655 825 733 γῆς
844 653 963 731 ταύτης,
981 656 1000 729 ῆ

187 742 309 818 Σκυθική
324 767 355 802 τε
372 741 517 810 ἐκδέκεται,
532 742 579 798 καὶ
592 739 730 817 ὁἸστρος
744 740 853 800 ἐκδιδοῖ
866 747 897 805 ἐς
911 741 999 818 αὐτὴν

186 831 256 908 πρδς
276 830 357 908 εὗρον
375 826 478 905 ἄνεμον
496 827 530 888 τδ
551 828 646 905 στόμα
664 829 869 905 τετραμμένος.
911 829 950 890 τό
970 830 998 889 δὲ
1053 829 1054 862 ³

187 919 244 980 α’πδ
256 917 380 995 Ἴστρου,
395 918 511 994 ἔρχομαι
529 916 676 993 σημανέων
693 916 727 976 τό
744 915 819 992 πρδς
837 915 998 979 θάλασσαν

188 1007 274 1083 αὐτῆς
285 1010 336 1081 τῆς
349 1005 486 1080 Σκυθικῆς
499 1004 592 1082 χώρης
604 1009 632 1067 ές
644 1004 790 1082 μέτρησιν·
808 1003 869 1065 α’πὸ
878 1004 998 1083 Ἴστρου

188 1093 258 1171 αὕτη
272 1093 326 1170 ήδη
338 1092 441 1171 οἷρχαίη
455 1091 578 1167 Σκυθική
592 1097 662 1162 ε’στι,
676 1091 746 1167 πρδς
757 1095 956 1171 μεσαμβρίην
967 1121 997 1153 τε

189 1183 235 1241 καὶ
247 1182 329 1242 νότον
346 1180 448 1257 ἄνεμον
465 1179 584 1256 κειμένη,
598 1180 683 1259 μέχρι
700 1179 806 1244 πόλιος.
819 1182 998 1258 καλεομένης

189 1269 391 1348 Καρκινίτιδος·
409 1267 444 1328 τό
456 1267 487 1326 δέ
499 1266 556 1327 ἅπδ
569 1267 679 1342 ταύτης,
691 1267 743 1342 τῆν
755 1269 808 1344 μὲν
821 1268 870 1327 ἐπὶ
885 1270 996 1329 θάλασ-

189 1383 246 1419 σαν
261 1358 314 1434 τῆν
330 1354 417 1432 αύτῆν
437 1357 589 1432 φέρουσαν,
604 1359 707 1415 έοῦσαν
724 1354 834 1432 ὀρεινήν
847 1381 881 1416 τε
900 1358 997 1437 χώρην

189 1447 236 1505 καὶ
253 1445 435 1524 προκειμένην
449 1443 483 1503 τό
501 1448 529 1506 ές
547 1443 667 1512 Πόντον,
681 1444 792 1519 νέμεται
805 1443 840 1503 τό
852 1446 996 1522 Ταυρικόν
1055 1449 1056 1454 ’

188 1533 273 1603 ἔθνος,
286 1533 371 1612 μέχρι
390 1530 576 1608 Χερσονήσου
595 1534 646 1606 τῆς
663 1531 789 1609 Τρηχέης
809 1534 995 1610 καλεομένης·

189 1619 259 1696 αὕτη
274 1621 304 1680 δὲ
325 1625 353 1683 ές
372 1619 525 1680 θάλασσαν
544 1617 596 1695 τῆν
615 1618 686 1695 πρδς
705 1619 869 1696 ἀπηλιώτην
891 1620 997 1698 ἄνεμον

190 1709 311 1784 κατήκει.
338 1709 414 1768 ’ἔστι
429 1707 485 1788 γᾶρ
501 1711 552 1784 τῆς
571 1707 708 1783 Σκυθικῆς
722 1706 758 1767 τὰ
773 1707 823 1768 δύο
836 1709 927 1787 μέρεα
939 1714 997 1772 τών

189 1788 277 1865 οὔρων
298 1795 326 1851 ἐς
346 1789 499 1849 θάλασσαν
519 1790 651 1866 φέροντο,
666 1788 719 1865 τήν
736 1814 769 1849 τε
788 1790 861 1867 πρδς
881 1818 996 1869 μεσαμ-
1056 1804 1057 1821 ’

189 1877 275 1954 βρίην
295 1877 341 1936 καὶ
361 1876 413 1951 τῆν
432 1877 503 1954 πρδς
521 1878 575 1953 τῆν
594 1875 644 1953 ήώ,
658 1876 781 1955 κατάπερ
795 1882 847 1953 τῆς
861 1876 996 1957 Ἀττικῆς

189 1965 290 2044 χώρης·
305 1965 351 2025 καὶ
360 1964 549 2042 παραπλήσια
558 1965 645 2045 ταύτῃ
657 1966 702 2023 καὶ
713 1967 739 2025 οἶ
749 1970 854 2043 Ταῦροι
862 1969 996 2044 νέμονται

190 2058 240 2130 τῆς
254 2055 398 2131 Σκυθικῆς,
413 2052 448 2117 ώς
461 2057 485 2112 εἰ
497 2058 548 2130 τῆς
559 2052 688 2128 Ἀττικῆς
701 2050 776 2112 ἄλλο
790 2055 869 2119 έθνος
887 2058 935 2115 καὶ
952 2059 994 2134 μῆ

189 2141 333 2219 Ἀθηναῖοι
342 2144 472 2218 νεμοίατο
481 2141 530 2201 τόν
539 2140 640 2222 γουνόν
648 2140 699 2201 τόν
708 2141 870 2214 Σουνιακόν,
878 2148 996 2219 μᾶλλον

192 2235 219 2293 ἐς
234 2230 285 2291 τόν
300 2230 403 2291 πόντον
414 2229 466 2306 τήν
480 2228 567 2306 ἄκρην
579 2227 723 2306 ἀνέχοντα,
736 2229 787 2291 τόν
800 2230 857 2291 ἀπὸ
871 2238 994 2309 Θορικοῦ

190 2319 275 2396 μέχρι
292 2318 494 2394 Ἀναφλύστου
510 2317 608 2393 δήμου·
629 2316 756 2397 λέγωδὲ,
771 2316 807 2381 ὥς
820 2318 994 2381 εἶναιτοῦτο

192 2406 298 2481 σμικροὶ
315 2405 469 2485 μεγάλοισι
485 2404 671 2482 συμβαλέειν·
690 2408 818 2466 τοιοῦτον
832 2406 852 2482 ῆ
869 2408 994 2487 Ταυρική

192 2495 263 2550 ἐστι·
277 2491 308 2552 ὃς
318 2492 348 2555 δὲ
356 2497 407 2566 τῆς
419 2492 549 2568 Ἀττικῆς
560 2496 647 2553 ταῦτα
659 2492 700 2569 μῆ
713 2496 930 2571 παραπέπλωκε,
940 2498 994 2579 ἐγώ

192 2577 222 2636 δὲ
239 2575 333 2640 ἄλλως
351 2578 478 2654 δηλώσω·
500 2579 536 2643 ώς
552 2585 576 2639 εἰ
588 2585 638 2658 τῆς
653 2580 796 2663 Ἰηπυγίης
813 2582 889 2643 ἄλλο
906 2586 991 2657 ἔθνος,

193 2665 239 2724 καὶ
256 2664 296 2743 μῆ
313 2664 449 2748 Ἰήπυγες,
465 2666 615 2745 ἀρξόμενοι
635 2672 666 2729 ἐκ
686 2672 853 2745 Βρεντεσίου
870 2674 990 2748 λιμένος,

193 2752 384 2831 οἷποταμοίατο
392 2756 476 2835 μέχρι
483 2754 632 2832 Τάραντος,
641 2756 687 2816 καὶ
696 2758 826 2834 νεμοίατο
833 2758 886 2835 τήν
895 2759 990 2838 ἄκρην.

194 2842 244 2901 δύο
264 2843 293 2902 δὲ
312 2843 402 2925 λέγων
421 2846 517 2915 ταῦτα,
533 2843 631 2903 πολλοὶ
650 2846 725 2925 λέγω
744 2846 896 2923 παρόμοια,
916 2851 991 2908 τοῖσι

147 2931 205 2988 100
215 2928 332 2992 ἄλλοισι
345 2934 415 2991 ἔοικε
428 2932 447 3007 ῆ
460 2932 591 3010 Ταυρική.
624 2932 663 2992 Τδ
678 2932 701 2991 δ’
714 2932 771 2994 ἀπό
783 2937 834 3010 τῆς
846 2940 990 3013 Ταυρικῆς,

191 3014 246 3089 ἤδη
266 3018 372 3080 Σκύθαι
391 3019 424 3078 τδ
441 3018 596 3096 κατύπερθε
610 3022 666 3078 τών
682 3020 796 3099 Ταύρων
813 3022 861 3082 καὶ
873 3022 911 3082 ποῖ
922 3025 990 3101 πρός

193 3100 343 3176 θαλάσσης
355 3108 405 3177 τῆς
417 3104 496 3179 ήοίης
509 3106 646 3180 νέμονται,
661 3111 712 3166 τοῦ
724 3133 756 3168 τε
772 3108 927 3187 Βοσπόρου
942 3115 989 3170 τοῦ

193 3187 350 3275 Κιμμερίου
371 3189 408 3246 τὰ
430 3190 501 3265 πρός
524 3193 644 3267 ἑσπέρης
667 3194 714 3251 καὶ
739 3198 792 3271 τῆς
815 3197 919 3272 λίμνης
942 3201 990 3272 τῆς

192 3267 354 3337 Μαιήτιδος,
374 3274 459 3348 μέχρι
479 3276 613 3339 Τανάϊδος
635 3286 765 3357 ποταμοῦ
788 3281 820 3345 ὃς
841 3282 944 3342 ε’κδιδοῖ
962 3288 989 3347 ές
