2150 3500
474 95 660 146 ἨΡΟΔΟΤΟΤ

162 172 352 236 ἀποδέδεκται.
392 175 427 237 τὸ
440 173 463 235 δ’
477 174 511 235 ἀν
528 201 571 240 τις
588 179 644 235 τών
657 174 759 252 θηρίων
774 172 879 235 τούτων
899 171 980 236 ἀπο-

164 262 263 341 κτείνῃ,
276 261 311 339 ἢν
323 265 376 339 μέν
389 262 464 332 ἐκών,
480 262 600 326 θάνατος
614 262 634 338 6
653 263 747 339 ζημίη·
768 259 804 337 ἣν
821 261 852 321 δὲ
870 260 978 334 ἀέκων,

162 347 288 409 ἀποτίνει
301 350 402 428 ζημίην
414 349 467 425 τήν
486 347 520 410 εἰν
539 353 567 409 οἱ
584 351 653 426 ἱρέες
666 348 811 418 τάξωνται.
853 346 885 412 ὃς
899 347 927 408 δ’
940 347 980 410 ἂν

162 436 224 512 ἶβιν
242 434 262 512 6
282 437 365 515 ἰρηκα
382 437 542 516 ἀποκτείνῃ,
565 436 602 512 ἦν
624 462 656 497 τε
676 436 744 497 ἑκών
763 435 799 512 ἦν
820 461 852 496 τε
871 435 976 510 ἀέκων,

115 524 293 586 66τεθνάναι
319 523 436 608 ἀνάγκη·
476 527 603 585 Πολλῶν
622 525 653 584 δέ
673 523 772 585 ἐάντων
798 523 978 601 ὁμοτρόφων

162 614 240 673 τοῖσι
253 611 426 696 ἀνθρώποισι
436 613 545 690 θηρίων,
556 615 657 691 πολλῷ
666 609 701 671 ἂν
710 611 750 671 ἔτι
760 611 838 670 πλέω
852 612 976 692 ἐγίνετο,

162 703 188 758 εἰ
205 701 247 777 μή
268 700 468 777 κατελάμβανε
486 700 552 764 τοιίς
575 698 737 777 αἰελούρους
758 698 862 759 τοιάδε·
883 699 978 761 ἐπεάν

160 787 264 848 τέκωσι
282 813 313 848 αι
303 787 495 862 θήλεαι,’
463 789 556 849 ουκέτι
576 788 723 864 φοιτέουσι
743 785 819 864 παραὶ
839 785 908 851 τούς
930 788 976 865 ἐρ-

162 899 256 939 σενας·
277 901 305 935 οι
295 875 348 961 ’δὲ
358 874 498 952 διζήμενοι
510 872 713 958 μίσγεσθαι’
678 877 782 953 αυτῇσι
795 873 845 934 ούκ
859 875 975 955 έχουσι·

161 962 234 1070 πρὸς
262 962 300 1024 ὧν
318 965 408 1023 ταῦτα
427 965 597 1040 σοφίζονται
615 961 692 1024 τάδε·
713 960 933 1074 άρπάζοντες’
912 964 976 1025 απὸ

160 1054 217 1110 τῶν
237 1052 353 1128 θηλέων
365 1053 411 1112 καὶ
433 1052 630 1130 ἀπαιρεόμενοι
652 1050 688 1112 τοὶ
710 1052 795 1111 τέκνα
816 1051 975 1112 κτείνουσι·

162 1138 316 1204 κτείναντες
327 1140 423 1217 μέντοι
437 1139 470 1200 ού
482 1141 642 1201 πατέονται·
662 1140 693 1199 αἱ
706 1138 736 1198 δὲ
749 1137 974 1216 στερισκόμεναι

160 1229 216 1286 τῶν
235 1228 337 1289 τέκνων
355 1226 451 1288 ἀλλων
471 1227 502 1287 δέ
521 1227 730 1305 ἐπιθυμέουσαι,
745 1223 817 1285 οὕτω
836 1224 872 1301 δή
884 1225 974 1286 α’πικ-

161 1314 270 1376 νέονται
282 1316 360 1394 παρά
369 1315 434 1380 τούς
447 1317 570 1393 ἔρσενας·
592 1313 760 1390 φιλότεκνον
770 1313 800 1372 δὲ
812 1312 846 1374 τὸ
858 1313 972 1390 θηρίον·

160 1407 297 1480 πυρκαϊῆς
306 1404 336 1464 δὲ
345 1404 503 1487 γενομένης,
515 1404 577 1463 θεῖα
586 1401 739 1483 πρήγματα
750 1401 974 1478 καταλαμβάνει

160 1488 227 1553 τούς
247 1491 418 1568 αἰελούρους·
439 1493 467 1551 οἱ
485 1493 538 1569 μὲν
557 1489 612 1572 γάρ
633 1487 783 1570 Αἰγύπτιοι
802 1488 974 1556 διαστάντες

161 1576 291 1651 φυλακάς
307 1579 405 1658 έχουσι
419 1582 475 1639 τῶν
491 1576 651 1656 αἰελούρων,
668 1575 862 1654 ἀμελήσαντες
877 1578 972 1653 σβεν-

160 1662 239 1723 νύναι
254 1664 287 1724 τὸ
304 1665 460 1742 καιόμενον·
481 1668 509 1726 οἰ
527 1666 557 1725 δὲ
575 1666 724 1743 αἰέλουροι,
742 1663 898 1728 διαδύοντες
920 1667 972 1727 καὶ

159 1749 403 1830 ύπερθρώσκοντες
419 1753 485 1819 τοὸς
501 1753 671 1833 ἀνθρώπους,
692 1752 865 1814 ἐσάλλονται
884 1758 915 1817 ἐς
934 1754 971 1817 τὸ

159 1843 226 1950 πῦρ·
246 1845 336 1902 ταῦτα
355 1842 385 1902 δέ
400 1843 539 1924 γινόμενα,
554 1842 658 1904 πένθεα
672 1840 785 1924 μεγάλα
801 1840 866 1905 τοιίς
879 1846 972 1924 Αἰγυ-

79 1923 83 1927 ’
158 1927 256 1992 πτίους
287 1930 510 2007 καταλαμβάνει.
552 1935 583 1992 ἐν
611 1929 718 1991 ὁτέοισι
743 1925 807 1989 δ’
789 1955 824 1989 αν
850 1931 972 1992 οἰκίοισι

159 2016 304 2094 αἰέλουρος
313 2017 470 2099 ἀποθάνῃ’
452 2019 509 2081 απὸ
521 2022 572 2079 τοῦ
586 2017 752 2126 αύτομάτου,
762 2021 789 2078 οἱ
797 2018 972 2127 ἐνοικέοντες

158 2103 259 2169 πάντες
269 2106 460 2184 ξυρέονται
423 2132 475 2172 τας
487 2106 595 2185 ὀφρύας
607 2105 719 2183 μούνας·
740 2104 805 2183 παρ’
817 2104 928 2166 ὁτέοισι
942 2106 972 2177 δ

112 2188 177 2251 67
159 2218 195 2251 αν
213 2193 292 2265 κύων,
306 2199 363 2256 πᾶν
378 2196 412 2257 τὸ
431 2202 515 2274 σῶμα
531 2196 578 2254 καὶ
592 2194 646 2271 τήν
664 2193 801 2271 κεφαλήν.
842 2192 969 2276 Ἀπαγέ·

159 2304 224 2339 αται
248 2281 325 2341 δέ“
299 2309 327 2342 οι
348 2285 489 2362 αἰέλουροι
509 2283 732 2346 ἀποθανόντες’
719 2308 747 2345 ες
768 2280 829 2357 ἰράς
849 2282 968 2363 στέγας,
1022 2273 1027 2283 ’

158 2366 225 2427 ἔνθα
246 2368 400 2432 θάπτονται
420 2372 669 2485 ταριχευθέντες’
656 2396 685 2431 εν
710 2367 968 2445 Βουβάστιπόλι.

159 2453 209 2517 ταῖς
221 2455 299 2513 δὲ’
265 2482 347 2521 κυνας
360 2463 390 2519 ἐν
402 2463 439 2538 τῇ
450 2462 555 2520 ἑωυτῶν
569 2460 683 2520 ἕκαστοι
695 2457 765 2518 πάλι
778 2455 950 2519 θάπτουσι’
936 2486 969 2521 εν

160 2542 238 2619 ἱρῇσι
262 2543 427 2623 θήκῃσι·
406 2572 442 2610 ως
461 2546 547 2607 δὲ’
511 2573 599 2611 αυτως
618 2551 687 2627 τῇσι
707 2546 772 2606 κυσὶ
792 2548 819 2605 οἱ
840 2548 967 2655 ἰχνευταὶ

159 2626 319 2692 θάπτονται.
361 2632 412 2698 τάς
433 2634 464 2693 δέ
483 2634 613 2716 μυγαλάς
629 2634 675 2693 καὶ
689 2633 755 2697 τούς
775 2634 873 2711 ἴρηκας
891 2632 967 2694 ἀπά-

157 2742 244 2798 γουσι
264 2723 293 2783 ἐς
318 2726 444 2783 Βουτουν
467 2722 562 2785 πάλιν·
595 2722 654 2787 τοίς
673 2722 703 2782 δε
724 2723 820 2798 ἰβις’
807 2747 835 2785 ες
854 2720 968 2799 Ερμέω

158 2805 254 2867 πόλιν·
281 2807 332 2873 τοίς
358 2809 434 2870 δὲ’
414 2836 532 2889 αρκτους
554 2810 655 2919 ἐρύσας
676 2809 805 2881 σπανίας,
828 2809 875 2868 καὶ
896 2836 967 2874 τους

157 2891 318 2997 λήκους’
285 2922 318 2956 ου
344 2901 444 2957 πολλά
469 2900 522 2977 τέῳ
546 2896 641 2961 ἐόντας
664 2896 815 2957 ἀλωπέκων
834 2896 965 2973 μέζονας,

159 2977 243 3041 αύτου
230 2982 446 3045 ⁶⁶66movcn
409 3012 446 3064 τῃ
459 2983 494 3045 άν
507 2983 655 3061 εύρεθέωσι
669 2984 798 3061 κείμενοι.

111 3064 150 3124 68
198 3072 260 3129 Ταν
280 3069 311 3130 δὲ
333 3069 558 3149 κροκοδείλων
537 3095 557 3145 η
580 3070 703 3146 φάσκ’
690 3096 752 3132 εστι
741 3070 875 3147 τοιήδε·
896 3071 967 3138 τούς

157 3156 388 3232 χειμεριωτάτους
400 3162 490 3235 μῆνας
501 3155 642 3233 τέσσερας
658 3157 849 3218 ἐσθίειούδέν·
872 3156 921 3219 ἐὸν
935 3160 968 3220 δὲ

159 3240 322 3316 τετράπουν,
340 3248 475 3324 χερσαῖον
494 3244 542 3304 καὶ
561 3243 691 3320 λιμναῖόν
711 3246 785 3307 ἐστι·
802 3246 891 3307 τίκτει
910 3249 969 3323 μὲν
