2150 3500
111 124 254 190 138-142]
461 123 575 178 mm
885 126 916 179 τι
998 189 1002 192 ,

108 229 162 269 τας
182 229 280 266 ταυτα·
308 205 451 317 ἐμφανέως
470 205 526 288 γοίρ
548 206 584 284 δη
603 207 738 289 ποιεῦσα)
758 207 916 285 κατακηρύ-

110 316 215 356 σαντες
230 291 298 368 δῆ’
278 319 315 353 ων
326 293 377 354 τόν
389 294 469 354 νέκυν
481 295 643 376 Πέρσαιγῇ
656 293 820 372 κρύπτουσι.
853 294 918 375 (μό-

109 405 160 461 γοι
177 381 208 440 δὲ
223 380 405 460 κεχωρίδαται
418 381 581 442 πολλου
542 409 598 442 των
610 409 643 442 τε
656 382 752 442 ἄλλων
768 383 918 461 ἀνθρώπων

111 468 234 529 καὶτῶν
256 475 285 529 ἐν
305 469 437 550 Αἰγύπτῳ
458 470 546 547 ἱρέων·
574 473 601 530 οἰ
620 473 672 546 μὲν
691 470 747 551 γὰρ
771 469 920 552 ἁγνεύουσι

112 557 241 635 ἔμψυχον
255 557 343 634 μηδὲν
363 559 478 618 κτείνειν
496 560 521 618 εἰ
537 557 579 634 μὴ
597 557 654 618 ὅσα
667 558 776 619 θύουσι·
797 563 825 619 οἰ
837 558 917 636 δέδφ

110 643 201 725 μάγοι
220 643 379 724 αὐτοχειρίῃ
399 643 492 706 πάντα
510 645 589 721 πλὴν
608 645 689 710 κυνός
708 647 755 706 καὶ
772 645 919 724 όνθρύπου

112 733 261 803 κτείνουσι,
275 733 323 791 καὶ
339 731 488 814 ἀγώνισμα
499 732 575 815 μέγα
587 738 671 793 τοῦτο
683 738 834 805 ποιεῦνται,
849 735 919 795 κτεί-

111 823 207 883 νοντες
222 819 323 896 ὁμοίως
338 818 487 897 μύρμηκάς
503 845 535 879 τε
554 821 601 879 καὶ
618 819 699 897 ὄφεις
711 821 757 880 καὶ
768 820 864 881 τᾶλλα
877 825 919 899 ἐρ·

111 907 186 966 πετοὶ
206 908 253 967 καί
273 908 423 988 πετεινοί.)“
442 908 489 967 καὶ
510 907 587 982 ιῖυφί
608 910 660 984 μὲν
678 913 717 987 τῷ
736 907 812 988 νόμῳ
830 908 919 988 τούτῳ

113 996 201 1074 ἐχέτω
214 995 250 1059 οἷς
263 995 309 1054 καί
322 994 413 1074 ἀρχὴν
423 997 569 1074 ἐνομίσθη·
590 994 682 1074 ἄνειμι
695 996 725 1056 δέ
739 997 785 1056 ἐπὶ
794 995 843 1057 τόν
851 995 919 1074 πρό·
999 1034 1001 1037 -

112 1108 195 1160 τερον
207 1081 305 1164 λόγον

148 1169 243 1234 Ἴωνες
256 1170 286 1230 δὲ
299 1195 345 1230 και
333 1168 517 1240 ἱ““Αἰολέες,
496 1195 533 1233 ως
546 1196 574 1230 οι
563 1169 722 1231 Λυδοὶ’
685 1197 808 1249 ταχιστα
822 1196 899 1231 κατε·
887 1173 963 1232 -141

113 1250 297 1335 στρόφατο“
280 1283 336 1317 υπο
326 1257 496 1334 Περσέων,
516 1258 641 1334 ἔπεμπον
658 1257 821 1340 ἀγγέλους
808 1284 835 1322 ες
848 1259 920 1336 Σύρ-

114 1345 158 1408 δις
176 1344 254 1423 παρὰ
274 1347 377 1423 Κῦρον,
399 1345 543 1409 ἐθέλοντες
563 1346 610 1405 ἐπὶ
628 1349 706 1406 τοῖσι
724 1345 835 1407 αὐτοῖσι
851 1346 920 1407 εἶναι

113 1435 193 1492 τοῖσι
203 1433 249 1492 καὶ
263 1432 379 1511 Κροίσῳ
388 1431 464 1508 ἦσαν
471 1432 614 1508 κατήκοοι·
627 1433 685 1493 6δέ
698 1432 821 1496 οἰκούσας
830 1433 921 1495 αὐτῶν

112 1519 152 1580 τιί
164 1521 344 1601 προΐσχοντο,
358 1520 436 1590 ἔλεξέ
447 1527 504 1596 σφι
516 1520 613 1603 λόγον,
624 1520 712 1600 ἄνδρα
724 1520 782 1598 φιίς
795 1521 919 1598 αὐλητὴν

116 1607 211 1668 ἰδόντα
224 1609 304 1688 ἰχθύς
316 1613 346 1668 ἐν
358 1611 394 1687 τῇ
408 1607 546 1688 θαλάσσῃ
555 1609 673 1681 αὐλέειν,
684 1610 816 1670 δοκέοντοί
828 1616 921 1686 σφεας

116 1695 317 1767 ἐξελεύσεσθαι
337 1701 365 1760 ἐς
381 1699 445 1779 γῆν·
467 1695 503 1761 οἷς
519 1697 550 1758 δὲ
566 1699 724 1775 ψευσθῆναι
735 1702 786 1775 τῆς
799 1698 920 1771 mos,

116 1786 221 1861 λαβεῖν
242 1784 467 1863 ἀμφίβληστρον
488 1786 535 1844 καὶ
560 1787 731 1863 περιβαλεῖν
753 1811 785 1846 τε
810 1787 921 1861 πλῆθος

116 1872 229 1933 πολλόν
246 1877 302 1933 τῶν
320 1872 481 1951 ἰχθύωνικαί
500 1871 648 1951 ἐξειρύσαι,
663 1870 757 1933 ἰδόντα
769 1873 800 1932 δέ
812 1877 921 1933 παλλο-

117 1961 218 2039 μένους
238 1964 324 2021 εἰπεῖν
341 1958 396 2037 ἄρα
416 1960 502 2021 αὐτόν
521 1960 593 2038 πρὸς
609 1959 675 2023 τούς
688 1962 777 2039 ἰχθῦς·
797 1960 924 2021 παύεσθέ

117 2074 169 2126 μοι
181 2048 351 2128 ὀρχεόμενοι,
366 2050 426 2109 ἐπεὶ
439 2046 495 2109 οὐδ’
509 2049 576 2126 ἐμέο
589 2046 739 2111 αὐλέοντος
751 2046 868 2123 ἠθέλετε
880 2052 923 2106 ἐκ·

118 2137 229 2213 βαίνειν
252 2134 424 2214 ὀρχεόμενοι.
459 2138 554 2212 Κύρος
574 2138 628 2212 μέν
647 2138 748 2195 τούτου
766 2133 816 2194 τόν
834 2133 922 2215 λόγον

118 2227 198 2284 τοῖσι
211 2222 293 2283 Ἴωσι
313 2224 360 2282 καί
378 2227 457 2283 τοῖσι
476 2226 615 2283 Αἰολεῦσι
631 2221 717 2282 τῶνδε
733 2220 824 2281 εἵνεκα
837 2221 923 2293 ἔλεξε,

119 2310 166 2371 ὅτι
178 2309 213 2385 ἐπὶ
227 2309 353 2373 οἰἿωνες
365 2310 509 2389 πρότερον,
523 2309 609 2370 αὐτοῦ
622 2308 720 2387 Κύρου
733 2308 877 2385 δεηθέντος
888 2309 923 2369 δι’

120 2397 249 2479 α’γγέλων
261 2397 440 2458 ἅπίστασθαί
457 2404 550 2474 σφεας
568 2396 627 2457 α’πό
639 2396 776 2473 Κροίσου,
790 2394 840 2456 οὐκ
853 2398 924 2457 ἐπεί-

121 2486 216 2545 θοντο·
235 2484 300 2545 τότε
312 2484 342 2543 δὲ
355 2486 587 2566 κατεργασμένων
595 2489 652 2546 τῶν
660 2482 840 2566 πραγμάτων,
849 2483 925 2562 ἦσαν

121 2575 230 2650 ἑτοῖμοι
250 2572 399 2633 πείθεσθαι
418 2571 513 2651 Κύρῳ.
547 2572 564 2632 ὁ
583 2574 635 2649 μὲν
653 2572 687 2647 δὴ
705 2572 778 2653 ὀργῇ
795 2571 926 2651 ἐχόμενος

121 2660 204 2740 ἐλεγέ
216 2664 273 2737 σφι
283 2658 360 2721 τόδε·
374 2658 468 2724 ’Ίιονες
480 2660 510 2719 δὲ
523 2658 560 2723 ὦς
571 2659 697 2736 ἥκουσαν
709 2660 813 2721 τούτων
825 2660 925 2720 οἷνενει-

121 2748 247 2827 χθέντων
269 2753 297 2811 ἐς
318 2746 370 2811 τοίς
394 2746 504 2819 πόλιας,
525 2746 622 2825 τείχεοί
646 2773 677 2808 τε
700 2746 925 2823 περιεβάλλοντο

122 2836 238 2896 ἔκαστοι
251 2837 298 2895 καὶ
311 2834 495 2917 συνελέγοντο
509 2840 538 2899 ἐς
550 2834 707 2895 Πανιύνιον
715 2836 743 2892 οἰ
756 2832 842 2892 ἄλλοι
849 2833 926 2908 πλὴν

123 2923 285 2999 Μιλησίων·
305 2922 376 3000 πρός
390 2921 509 3000 μούνους
522 2922 578 3005 γιίρ
594 2920 710 2983 τούτους
725 2919 820 2997 ὅρκιον
833 2924 927 2997 Κῦρος

123 3010 286 3087 ἐποιήσατο,
301 3009 344 3069 ἐπ’
357 3009 419 3071 οἷσί
434 3036 487 3088 περ
503 3009 520 3071 ό
535 3007 637 3072 Λυδός·
656 3010 735 3069 τοῖσι
750 3006 781 3065 δέ
798 3010 928 3068 λοιποῖσι

118 3096 200 3158 Ἰωσι
220 3098 296 3168 ἔδοξε
316 3102 397 3177 κοινῷ
409 3096 485 3178 λόγῳ
505 3099 626 3175 πέμπειν
641 3094 780 3177 ἀγγέλους
793 3098 822 3158 ἐς
833 3095 927 3174 Σπόρ-

121 3209 183 3261 την,
197 3185 382 3263 δεησομένους
389 3184 471 3246 Ἴωσι
481 3186 634 3262 τιμωρέειν.

164 3274 204 3332 Οἰ
219 3273 250 3333 δέ
262 3271 357 3335 Ἴωνες
375 3270 461 3342 οὗτοι,
475 3276 532 3333 τῶν
547 3272 594 3329 καὶ
608 3270 643 3330 τὸ
662 3267 819 3330 Πανιύνιόν
835 3274 906 3341 ἐστι,
915 3270 975 3331 142

998 3379 1066 3479 Δ
