2150 3500
177 113 212 158 οι·
487 112 671 162 ἭΡοΔοτοτ
943 113 982 188 [L

175 189 300 268 κατάπερ
312 190 332 266 ἤ
344 191 492 271 Αἰγυπτίη,
507 192 710 268 κατατέτμηται
723 195 753 254 ἐς
766 189 912 272 διώρυχας·
934 196 983 255 καὶ

174 277 195 353 ἦ
216 279 338 359 μεγίστη
357 283 412 339 τῶν
431 278 570 359 διωρύχων
595 280 656 340 ἐστὶ
676 279 887 356 νηυσιπέρητος,
908 283 984 358 πρὸς

175 364 257 441 ἥλιον
268 367 442 444 τετραμμένη
454 367 504 426 τόν
513 365 679 446 χειμερινόν·
697 366 790 443 ἐσέχει
803 366 833 426 δὲ
846 371 873 430 ἐς
887 365 984 430 ἄλλον

174 452 301 531 ποταμόν
321 459 352 512 ἐκ
371 458 422 514 τοῦ
441 453 604 530 Εὐφρήτεω,
622 458 649 517 ἐς
668 453 717 514 τόν
735 453 841 534 Τίγριν,
861 455 928 532 παρ’
948 455 983 518 δν

174 545 260 604 Νῖνος
272 540 355 605 πόλις
373 538 477 619 οἰκητο·
499 543 560 602 ἐστι
579 543 609 601 δὲ
627 542 738 621 χωρέων
757 539 827 618 αὕτη
846 540 983 607 ἀπασέων

174 633 271 708 μακρῷ
293 629 395 706 ἀρίστη
416 634 472 690 τῶν
491 628 573 705 ἡμεῖς
596 629 674 706 ἰδμεν
695 627 847 706 Δήμητρος
870 631 981 708 καρπόν

174 719 309 794 ἐκφέρειν·
336 718 373 778 τά
393 718 449 800 γάρ
471 716 506 794 δή
527 716 605 776 ἀλλα
628 716 740 794 δένδρεα
764 716 827 778 οὐδὲ
847 723 982 796 πειρᾶται

173 804 264 885 ἀρχὴν
276 807 380 884 φέρειν,
391 805 455 866 ούτε
464 805 567 881 συκέην
578 803 641 865 ούτε
651 803 779 880 ἄμπελον
792 803 856 865 οὔτε
869 808 980 884 ἐλαίην·

172 892 223 952 τάν
242 893 272 952 δέ
290 898 341 969 τῆς
361 893 511 972 Δήμητρος
531 891 639 970 καρπόν
659 890 711 953 ὧδε
731 891 823 973 ἀγαθὴ
849 895 980 972 ἐκφέρειν

173 980 244 1052 ἐστὶ,
264 978 338 1040 ὥστε
356 982 401 1040 ἐπὶ
416 980 547 1057 διηκόσια
563 983 615 1058 μέν
631 979 665 1040 τό
686 979 820 1058 παράπαν
838 979 979 1054 ἀποδιδοῖ,

174 1067 258 1128 ἐπεάν
274 1068 304 1128 δέ
322 1058 426 1146 ἀριστα
443 1067 514 1144 αὕτη
533 1073 634 1144 ἑωυτῆς
647 1069 745 1147 ἐνείκῃ,
766 1068 811 1128 ἐπὶ
826 1070 980 1147 τριηκόσια

173 1156 293 1233 ἐκφέρει·
313 1156 350 1217 τά
366 1157 397 1217 δέ
413 1156 512 1234 φύλλα
529 1155 627 1219 αὐτόθι
642 1159 848 1233 τῶντεπυριῖν
862 1159 979 1220 καὶτῶν
1057 1207 1058 1218 .

173 1244 287 1320 κριθέων
301 1244 335 1305 τό
351 1244 459 1308 πλάτος
472 1245 578 1327 γίνεται
597 1246 740 1320 τεσσέρων
760 1241 894 1308 εὐπετέως
912 1245 978 1306 δακ-

170 1331 272 1392 τύλων·
293 1337 324 1393 ἐκ
340 1333 370 1392 δὲ
386 1333 507 1415 κέγχρου
522 1333 569 1392 καὶ
585 1332 718 1409 σησάμου
731 1331 801 1393 ὅσον
815 1358 845 1393 τι
862 1332 977 1412 δένδρον

171 1419 294 1501 μέγαθος
314 1421 422 1502 γίνεται
441 1418 657 1497 ἐξεπιστάμενος
676 1419 788 1497 μνήμην
805 1419 838 1480 ού
854 1421 976 1498 ποιήσο-

171 1531 231 1583 μαι,
253 1508 283 1567 εἰ
299 1507 374 1571 εἰδοίς
389 1507 433 1569 ὅτι
446 1512 524 1568 τοῖσι
544 1507 584 1585 μή
605 1507 786 1589 ἀπιγμένοισι
802 1511 831 1570 ἐς
849 1508 903 1584 τὴν
919 1517 976 1570 Βα-

171 1595 314 1672 βυλωνίην
326 1594 420 1674 χάρην
433 1596 480 1654 καὶ
493 1595 531 1655 τά
544 1595 673 1672 εἰρημένα
686 1599 798 1673 καρπῶν
811 1595 935 1675 ἐχόμενα
948 1603 976 1662 ἐς

171 1681 304 1759 ἀπιστίην
316 1682 430 1759 πολλὴν
441 1681 565 1743 ἀπῖκται.
601 1684 731 1763 χρέονται
743 1683 773 1742 δέ
786 1681 866 1744 οὐδὲν
879 1687 974 1767 ἐλαίη,

172 1769 237 1829 ἀλλ’
257 1775 288 1829 ἐκ
306 1775 362 1831 τῶν
381 1771 520 1848 σησάμων
539 1777 688 1837 ποιεῦντες.
723 1772 778 1833 εἰσί
791 1771 822 1832 δέ
840 1779 897 1849 σφι
910 1777 975 1850 φοί-

170 1884 242 1922 νικες
258 1858 412 1935 πεφυκότες
431 1859 485 1920 ἀνά
498 1864 556 1920 πεῖν
574 1859 607 1920 τδ
625 1860 729 1932 πεδίον,
746 1862 773 1919 οἰ
790 1863 908 1925 πλεῦνες
921 1862 975 1923 αὖ·

161 1950 224 2025 ’τοῖν
245 1947 429 2027 καρποφόροι,
453 1953 484 2008 ἐκ
506 1952 562 2009 τῶν
587 1949 634 2007 καὶ
660 1949 739 2010 σιτία
761 1948 808 2008 καὶ
829 1948 905 2010 οἶνον
925 1952 974 2011 καὶ

169 2034 237 2113 μέλι
257 2040 408 2098 ποιεῦνται·
437 2036 503 2100 τούς
523 2037 630 2097 συκέων
650 2036 755 2116 τρόπον
775 2037 973 2113 θεραπεύουσι,

169 2121 206 2183 τά
224 2148 256 2183 τε
276 2124 433 2195 ἀλλα,καί
454 2125 586 2201 φοινίκων
610 2124 676 2188 τούς
702 2126 815 2202 ἔρσενας
830 2124 974 2202 Ἕλληνες

168 2209 311 2285 καλέουσι,
323 2211 428 2274 τούτων
439 2212 489 2273 τόν
502 2212 610 2291 καρπόν
625 2213 784 2289 περιδέουσι
794 2214 864 2291 τῇσι
875 2215 973 2290 βαλα-

169 2300 320 2379 νηφόροισι
331 2305 386 2362 τῶν
400 2302 540 2377 φοινίκων,
555 2302 599 2361 ἵνα
611 2302 731 2380 πεπαίνῃ
750 2301 783 2362 τέ
798 2306 855 2377 σφι
875 2300 892 2361 ὅ
912 2302 973 2381 ψὴν

167 2387 220 2462 τὴν
238 2387 368 2464 βάλανον
388 2388 508 2448 ἐσδύνων
528 2390 575 2447 καὶ
593 2388 634 2465 μὴ
655 2388 778 2467 ἀπορρέῃ
798 2387 814 2449 ὁ
834 2389 973 2466 καρπάςό

167 2478 218 2534 τοιΛ
231 2476 365 2550 φοίνικος·
385 2480 476 2554 ψῆνας
490 2474 545 2556 γάρ
564 2476 598 2551 δη
618 2477 754 2553 φορέουσι
770 2480 799 2536 ἐν
813 2479 852 2557 τῷ
872 2482 973 2559 καρπῷ

169 2563 195 2620 οἰ
209 2562 326 2638 ἔρσενες,
341 2562 464 2641 κατάπερ
478 2561 511 2639 δὴ
525 2565 553 2621 οἰ
565 2561 688 2624 ὄλυνθοι.

122 2650 179 2709 194
219 2648 258 2708 Τδ
280 2649 310 2709 δὲ
330 2649 458 2710 ἀπάντων
479 2652 576 2727 θιῖυμα
597 2650 733 2732 μέγιστόν
755 2651 807 2728 μοί
830 2655 893 2713 ἐστι
913 2657 971 2714 τῶν

165 2736 253 2815 ταύτῃ
273 2736 345 2814 μετά
363 2764 397 2819 γε
417 2738 510 2815 αὐτὴν
521 2738 575 2814 τὴν
594 2738 688 2810 πόλιν,
705 2740 822 2819 ἔρχομαι
838 2738 969 2816 φράττων.

165 2823 202 2884 τά
215 2828 304 2885 πλοῖα
316 2824 429 2886 αύτοῖσί
442 2832 504 2887 ἐστι
518 2825 555 2885 τά
568 2826 638 2887 κατά
650 2826 699 2887 τόν
712 2826 839 2905 ποταμόν
851 2828 969 2905 πορευό-

164 2938 236 2989 μενα
256 2918 284 2977 ἐς
302 2912 355 2989 τόν
376 2916 544 2991 Βαβυλῶνα,
573 2913 655 2975 ἐόντα
675 2915 850 2992 κυκλοτερέα,
875 2914 971 2976 πάντα

165 3000 290 3061 σκύτινα·
312 3000 396 3061 ἐπεάν
408 3001 464 3083 γάρ
480 3006 509 3061 ἐν
525 3005 603 3061 τοῖσι
614 3000 787 3079 Ἀρμενίοισι
804 3006 882 3062 τοῖσι
902 3029 969 3065 κατ-

163 3086 266 3167 ύπερθε
274 3088 433 3165 Ἀσσυρίων
441 3088 615 3163 οἰκημένοισι
622 3090 721 3165 νομέας
731 3090 803 3165 ἰτέης
812 3088 969 3167 ταμόμενοι

162 3176 343 3252 ποιήσωνται,
363 3176 549 3253 περιτείνουσι
567 3174 695 3235 τούτοισι
712 3176 846 3253 διφθέρας
863 3202 969 3259 στεγα-

164 3264 278 3339 στριδας
293 3263 392 3333 ἔξωθεν
410 3260 528 3337 ἐδάφεος
542 3259 655 3338 τρόπον,
672 3261 735 3323 ούτε
750 3263 879 3341 πρύμνην
896 3264 969 3327 ἀπα·
