2150 3500
172 105 221 157 ιιι
482 103 666 154 τινοκοτοι·
928 103 989 167 [ιιι

171 185 265 261 λικίην
287 183 339 262 την
363 182 420 244 ῦπδ
445 183 579 255 Κιλίκων,
601 183 648 242 καὶ
670 182 826 261 Ἀσσυρίην
845 179 900 258 τὴν
922 181 986 246 ῦπδ

171 271 340 349 Ἀσσυρίων.
381 269 504 349 οὔρισμα
525 271 556 331 δὲ
575 272 660 350 Ἀσίη
677 269 723 332 καὶ
743 269 839 350 Λιβύῃ
862 270 986 347 οἴδαμεν

173 360 251 422 οῦδὲν
264 360 310 421 ε’δν
327 360 400 439 όρθῷ
413 359 498 440 λόγῳ,
513 361 537 418 εἰ
552 358 593 437 μὴ
610 358 675 424 τοῦς
695 359 854 438 Αἰγυπτίων
867 357 983 436 οῦρους.

173 453 198 510 εἰ
223 450 254 511 δὲ
278 453 318 529 τῷ
342 449 388 508 ὑπ’
413 448 559 524 Ἑλλήνων
584 448 771 527 νενομισμένῳ
796 447 982 527 χρησόμεθα,

172 541 322 615 νομιοῦμεν
342 537 486 617 Αἴγυπτον
501 539 606 608 πᾶσαν,
629 534 785 613 ἀρξαμένην
804 535 860 595 α’πό
881 541 982 596 Κατα-

172 625 281 686 δούπων
291 651 323 687 τε
335 627 382 686 καὶ
393 624 595 701 Ἐλεφαντίνης
604 624 711 695 πόλιος,
725 623 791 703 δίχα
803 623 983 702 διαιρέεσθαι

171 716 219 775 καὶ
230 714 396 794 ἀμφοτέρων
407 717 462 775 τῶν
475 713 647 790 ἐπωνυμιέων
660 712 785 790 ἔχεσθαι·
804 712 842 772 τά
854 715 909 788 μὲν
920 714 981 794 γάρ

172 802 256 878 αι’τῆς
270 803 339 863 εἶναι
351 806 402 878 τῆς
418 800 536 878 Λιβύης,
550 799 586 860 τά
600 800 629 860 δὲ
641 803 691 877 τῆς
711 799 819 876 Ἀσίης·
841 799 927 881 ὄγάρ
942 801 980 877 δὴ

171 894 277 954 Νεῖλος
296 889 449 966 ἀρξόμενος
469 894 499 948 ἐκ
519 891 575 948 τῶν
592 887 790 959 Καταδούπων,
804 887 861 965 ῥέει
882 889 980 966 μέσην

172 978 314 1058 Αἴγυπτον
326 976 430 1055 σχίζων
443 980 471 1040 ές
483 977 645 1038 θάλασσαν.
673 977 757 1056 μέχρι
769 977 821 1053 μέν
835 1002 885 1037 νυν
902 983 979 1054 Κερ-

171 1065 300 1143 κασύρου
315 1065 415 1128 πόλιος
433 1064 491 1143 ῥέει
506 1063 545 1127 εἰς
561 1064 612 1126 εὀἰν
632 1064 649 1125 ό
670 1067 784 1128 Νεῖλος·
811 1061 845 1124 τό
867 1063 899 1123 δὲ
919 1062 978 1126 ἀπδ

170 1153 272 1230 ταύτης
283 1158 334 1231 τῆς
345 1152 454 1223 πόλιος,
467 1153 595 1232 σχίζεται
609 1152 762 1230 τριφασίας
775 1150 865 1215 ὁδούς·
897 1152 945 1212 καὶ
958 1146 978 1229 ἧ

169 1244 222 1318 μὲν
234 1241 304 1320 πρός
315 1241 359 1319 ἦεῦ
370 1242 507 1320 τρέπεται,
521 1240 555 1301 τό
569 1241 699 1300 καλέεται
718 1239 886 1315 Πηλούσιον
908 1241 978 1302 στό-

170 1356 221 1407 μα·
241 1329 303 1406 ἡδέ
319 1331 398 1409 ἑτέρη
413 1333 468 1390 τεῦν
480 1328 552 1390 όδῦν
572 1327 643 1406 πρός
659 1329 781 1405 ἕσπέρην
800 1328 867 1406 ἔχει·
888 1332 976 1411 τοῦτο

171 1418 201 1478 δὲ
222 1419 390 1496 Κανωβικόν
411 1417 505 1496 στόμα
526 1417 667 1492 κέκληται·
687 1415 706 1493 ἦ
728 1416 758 1477 δὲ
779 1415 813 1493 δὴ
836 1416 898 1477 ἰθέα
918 1422 976 1480 τεῦν

169 1505 241 1566 ὁδῶν
259 1510 298 1585 τῷ
317 1507 414 1585 Νείλῳ
435 1507 497 1566 ε’στὶ
514 1504 573 1582 ἥδε·
594 1504 697 1565 ἀνωθεν
715 1503 870 1582 φερόμενος
892 1511 921 1570 ές
939 1507 976 1568 τὰ

168 1592 219 1662 ὀξύ
227 1596 278 1653 τοῦ
291 1594 387 1653 Δέλτα
397 1593 563 1662 ἀπικνέεται,
576 1593 610 1654 τδ
624 1593 654 1652 δὲ
667 1592 723 1654 ἀπό
742 1591 851 1664 τούτου,
865 1595 973 1673 σχίζων

168 1681 258 1758 μέσον
273 1679 306 1740 τδ
320 1681 417 1741 Δέλτα
433 1684 462 1744 ἔς
480 1680 632 1742 θάλασσαν
648 1680 721 1753 ἐξίει,
736 1678 799 1742 οῦτε
815 1683 975 1762 έλαχίστηιί

169 1773 270 1847 μοίρην
284 1774 336 1830 τοῦ
352 1768 452 1833 ὕδατος
467 1770 659 1849 παρεχόμενος
674 1769 761 1848 ταύτῃ
782 1768 846 1830 ούτε
865 1771 972 1848 ἥκιστα

168 1856 355 1935 οῦνομαστήν·
375 1856 409 1919 τῦ
423 1857 553 1917 καλέεται
566 1858 766 1935 Σεβεννυτικόν
778 1858 880 1935 στόμα
911 1861 974 1923 ἔστι
1049 1908 1050 1917 2

170 1944 200 2004 δὲ
212 1945 259 2005 καὶ
272 1946 352 2023 ἔτερα
365 1945 487 2022 διφάσια
499 1944 629 2023 στόματα
639 1943 696 2006 ἀπό
708 1949 760 2007 τοῦ
770 1947 972 2022 Σεβεννυτικοῦ

168 2032 389 2115 ἀποσχισθέντα,
410 2035 533 2112 φέροντα
554 2038 582 2098 ἐς
602 2032 764 2095 θόλασσαν·
793 2037 873 2095 τοῖσι
892 2034 971 2099 ούνό-

167 2150 244 2201 ματα
264 2124 355 2184 κέεται
377 2122 510 2201 τόδε,τῷ
532 2123 585 2198 μὲν
612 2121 743 2187 Σαϊτικῦν
763 2120 862 2194 αύτιῦν,
881 2128 922 2204 τῷ
941 2125 971 2185 δὲ
1047 2188 1048 2201 η

169 2212 338 2287 Μενδήσιον.
378 2211 413 2271 τό
431 2210 462 2270 δὲ
479 2210 651 2287 Βολβίτινον
671 2207 766 2287 στόμα
784 2211 831 2270 καὶ
847 2210 881 2272 τό
901 2218 971 2273 Βου-
1047 2212 1048 2217 ’

169 2299 282 2359 κολικδν
295 2298 345 2359 οῦκ
360 2298 488 2378 ἰθαγενέα
501 2296 632 2375 στόματά
645 2302 715 2368 ε’στι,
729 2296 795 2357 ἀλλ’
809 2296 923 2375 ὀρυκτά.
1046 2368 1047 2376 ¹

123 2388 182 2445 18·
209 2386 367 2463 Μαρτυρέει
390 2385 422 2444 δέ
441 2410 491 2462 μοι
510 2390 547 2464 τῇ
568 2385 674 2467 γνώμῃ,
696 2385 740 2447 ὅτι
759 2385 885 2463 τοσαύτη
908 2389 971 2449 ε’στὶ

168 2472 310 2552 Αἴγυπτος
327 2470 398 2547 ὅσην
415 2472 479 2532 τινά
494 2473 549 2553 ε’γιδ
568 2473 749 2551 ἀποδείκνυμι
766 2474 905 2556 τῷλόγῳ,
924 2479 970 2537 καὶ
1045 2474 1046 2506 ³

167 2558 201 2619 τῦ
221 2557 371 2636 Ἄμμωνος
397 2559 571 2638 χρηστήριον
597 2561 755 2643 γενόμενον,
782 2562 815 2625 τῦ
840 2563 895 2644 έγιιλ
920 2569 970 2641 τῆς
1044 2622 1045 2638 ,

168 2651 305 2723 ἐμεωυτοῦ
317 2646 428 2728 γνώμης
444 2646 563 2727 ὕστερον
579 2650 644 2728 περὶ
657 2650 800 2731 Αἴγυπτον
816 2651 968 2729 ἐπυθόμην·

169 2738 196 2796 οἶ
207 2734 263 2817 γάρ
277 2734 311 2813 δὴ
324 2740 355 2795 ε’κ
368 2738 484 2814 Μαρέης
499 2763 530 2798 τε
546 2737 646 2802 πόλιος
662 2739 708 2798 καὶ
715 2738 818 2803 Ἀπιος
835 2740 968 2805 οἰκέοντες

167 2824 312 2905 Αἰγύπτου
328 2823 365 2885 τά
383 2824 531 2903 πρόσουρα
550 2825 656 2905 Λιβύη,
676 2825 759 2887 αύτοί
777 2853 809 2888 τε
828 2826 968 2893 δοκέοντες
1042 2896 1043 2900 ¹

169 2912 240 2971 εἶναι
258 2914 364 2990 Λίβυες
384 2913 430 2971 καὶ
450 2911 500 2972 οῦκ
519 2912 669 2993 Αἰγύπτιοι
689 2915 736 2973 καὶ
757 2913 911 2993 ἀχθόμενοι
929 2921 965 2995 τῇ
1041 2948 1042 2981 1

168 2999 233 3076 περὶ
249 2999 286 3059 τά
304 2999 350 3077 ἲρά
368 3000 498 3077 θρησκίη,
513 2998 685 3076 βουλόμενοι
704 3002 811 3077 θηλέων
827 3003 907 3078 βοῶν
925 3005 964 3079 μή
1041 2982 1042 3030 δ

168 3086 307 3166 ἔργεσθαι,
319 3090 445 3166 ἔπεμψαν
455 3086 629 3163 ε’ςἈμμωνα
639 3085 760 3165 φάμενοι
770 3087 869 3148 “ούδὲν
880 3091 965 3166 σφίσι
1040 3120 1041 3162 η

168 3197 200 3233 τε
217 3175 264 3233 καὶ
275 3176 454 3256 Αἰγυπτίοισι
469 3173 562 3234 κοινόν
580 3173 657 3233 εἰναι·
682 3174 780 3235 οἰκέειν
797 3200 829 3235 τε
845 3175 901 3257 γὰρ
917 3177 965 3247 ἔξω

168 3262 218 3318 τοῦ
234 3262 331 3323 Δέλτα
350 3263 398 3324 καὶ
417 3261 468 3323 οῦκ
487 3261 652 3338 ὁμολογέειν
673 3260 791 3332 αύτοῖσι,
808 3263 968 3335 βούλεσθαί
1034 3308 1039 3442 Α
