2150 3500
162 129 210 176 ιιι
471 123 655 174 Ἦνοιονου
912 127 981 194 [ιν.

249 210 281 256 Δὶ
295 208 329 254 τι).
341 207 399 265 ἐμεῦ
408 207 499 268 Λιβύην
509 207 739 268 μηλοτρόφονοΐδας
751 207 855 267 ἄμεινον

245 281 280 338 μὴ
292 280 367 326 ἐλθὼν
383 278 499 335 ἐλθόντος,
519 277 583 338 ἄγαν
600 277 693 336 ιίγαμαι
710 281 801 340 σοφίην
820 299 877 330 σευ,

166 362 352 425 Ἀκούσαντες
366 363 395 421 δὲ
403 361 507 421 τούτων
516 364 543 420 οἱ
551 359 626 437 ἀμφὶ
634 361 684 420 τόν
693 362 808 423 Βάττον
815 365 978 426 ἀπέπλωον

161 450 263 511 ὀπίσω·
283 448 316 508 οὗ
333 449 388 529 γάρ
407 448 442 523 δή
463 454 556 525 σφεας
571 447 647 508 ἀπίει
660 448 676 507 ὁ
690 450 752 513 θεός
769 456 825 526 τῆς
839 451 977 528 ἀποικίης

163 539 228 615 πρὶν
238 537 272 612 δή
285 536 437 596 ἀπίκωνται
450 541 477 599 ἔς
485 536 571 612 αι’τήν
581 536 633 611 τήν
643 537 764 613 Λιβύην,
802 539 977 616 ἀπικόμενα

162 625 219 685 δὲ’
205 650 233 688 ες
244 624 392 698 τήννήσον
405 649 452 682 και
442 623 702 699 ἀναλαβόντες
669 651 719 685 τον
733 627 873 696 ἔλιπον,’
856 653 976 687 εκτισαν

160 711 246 787 αὐτῆς
257 715 308 786 τῆς
320 710 483 786 Λιβάης
440 737 533 789 χωρον
544 710 636 771 ἀντίον
643 715 693 786 τῆς
705 711 795 786 νήσου
808 717 851 790 τῷ
865 713 977 790 οὔνομα

159 797 195 874 ἦν
208 797 377 875 Ἀζιρις,
344 824 395 858 τον
415 797 501 858 νάπαι
521 823 553 859 τε
575 797 762 858 κάλλιστοι’
749 798 793 865 στ’
816 800 973 911 ἀμφότερα

160 886 348 970 συγκληίουσι
368 886 413 945 καὶ
427 887 554 962 ποτομὸς
561 885 606 948 τά
626 891 670 944 ἔπι
660 887 792 963 θάτερα
804 891 972 966 παραρρέει.

117 975 172 1032 158
180 977 285 1032 Τοῦτον
299 975 388 1033 οἴκεον
400 973 450 1033 τόν
462 978 555 1051 χῶρον
568 973 599 1042 ἓξ
612 975 682 1032 ἔτεα·
704 973 816 1052 ἑβδόμῳ
830 975 865 1033 δέ
878 982 974 1050 σφεας
1052 1007 1053 1020 ¹

161 1062 215 1120 ἔτεϊ
227 1060 467 1138 παραιτησόμενοι
480 1063 508 1118 οἱ
520 1061 635 1135 Λίβυες,
647 1059 683 1123 ὦς
693 1066 720 1123 ε’ς
729 1060 866 1137 ἀμείνονα
876 1067 971 1140 χῶρον

161 1147 269 1217 ἀξουσι,
282 1147 443 1228 ἀνέγνωσαν
457 1150 591 1208 ἐκλιπεῖν.
621 1146 691 1227 ἦγον
700 1148 731 1206 δέ
737 1154 832 1223 σφεας
840 1151 971 1210 ἐνθεῦτεν

161 1238 188 1294 οἱ
200 1236 306 1310 Λίβυες
318 1234 527 1310 ἀναστήσαντες
541 1235 611 1311 πρὸς
625 1237 755 1312 ἑσπέρην·
774 1237 821 1294 καὶ
834 1236 888 1295 τὸν
899 1237 967 1294 κόλ-

161 1327 262 1383 λιατον
281 1327 337 1386 τῶν
359 1322 455 1431 χάρωη
479 1323 523 1382 ἵνα
547 1322 691 1391 διεξιόντες
713 1326 739 1382 οἱ
761 1322 906 1398 Ἕλληνες
926 1326 969 1400 μή

161 1411 252 1518 ίδριεν,
270 1410 534 1487 συμμετρησάμενοι
550 1410 602 1484 τήν
617 1409 689 1486 ὥρην
704 1414 754 1485 τῆς
772 1410 891 1487 ἡμέρης,
905 1438 967 1472 νυκ-

160 1497 209 1560 τάς
219 1502 357 1606 παρῆγον·
378 1499 438 1556 ἔστι
452 1498 532 1556 δε
494 1524 533 1576 τω
545 1496 627 1580 χαίρω
636 1497 723 1576 τούτῳ
734 1523 841 1574 ουνομοι
848 1499 968 1574 Ἴρασα·

116 1634 124 1648 ,
159 1583 311 1664 ἀγαγόντες
337 1585 369 1644 δέ
393 1590 522 1659 σφεας’
509 1585 554 1644 επὶ
583 1585 685 1660 κρήνην
709 1557 924 1664 λεγομένην’
897 1611 968 1646 ειναι

158 1670 380 1734 Ἀπόλλωνος’
353 1698 443 1731 ειπαν·
465 1683 483 1708 “
492 1672 587 1749 ανδρες
600 1672 746 1749 Ἕλληνες,
766 1672 917 1732 ἐνθαῦτα
900 1678 968 1751 υμῖν

160 1758 343 1833 ἐπιτήδεον’
317 1786 424 1819 οικεειν·
446 1761 565 1826 ἐνθαῦτα
581 1759 636 1842 γάρ
651 1760 667 1819 6
681 1761 796 1836 οὗρανᾶς
807 1761 967 1837 τέτρηται.”

113 1849 170 1907 159
219 1844 286 1903 Επὶ
305 1848 358 1922 μέν
373 1873 421 1907 νυν
440 1847 555 1907 Βάττεά
571 1874 603 1908 τε
618 1853 668 1909 τοῦ
685 1849 812 1909 οἰκιστέω
825 1853 877 1923 τῆς
891 1849 966 1925 ζόης,

160 1931 293 2011 άρξαντος
309 1934 356 2001 ἐπὶ
372 1935 582 2011 τεσσεράκοντα
597 1936 666 2005 ἔτεα,
681 1936 727 1993 καὶ
739 1938 790 1995 τοῦ
803 1936 906 1999 παιδός
917 1936 966 1996 αὖ·

160 2025 210 2081 τοῦ
229 2020 408 2099 Ἀρκεσιλεω,
421 2020 555 2098 ἄρξαντος
577 2016 805 2092 ἔκκαίδεκα,’ἔτεα,
826 2024 917 2083 οἶκεαν
936 2027 966 2083 οἱ

161 2112 323 2185 Κυρηναῖοι,
340 2107 435 2171 ε’όντες
446 2112 579 2168 τοσοῦτοι
594 2107 659 2167 ὅσοι
676 2109 764 2187 ἀρχὴν
779 2114 805 2173 ἔς
818 2108 870 2183 τήν
884 2108 965 2169 ἀποι-

161 2196 223 2271 κίην
242 2197 414 2273 ἐστάλησαν·
436 2195 482 2254 ε’πὶ
497 2195 527 2253 δὲ
545 2200 594 2255 τοῦ
607 2197 702 2273 τρίτου
716 2194 828 2255 Βάττεω
841 2199 894 2255 τοῦ
910 2196 964 2255 Εὖε

162 2283 292 2360 δαίμονος
311 2286 480 2361 καλεομένου
490 2282 636 2359 Ἕλληνας
648 2284 754 2346 πάντας
767 2282 881 2360 ὥρμησε
894 2282 964 2361 χρή-
1052 2340 1053 2355 ,

161 2395 241 2429 σασα
261 2370 281 2445 ἡ
303 2372 397 2446 Πυθίη
418 2371 514 2431 πλέειν
537 2370 755 2447 συνοικήσοντας
779 2372 963 2445 Κυρηναίοισι

161 2457 282 2531 Λιβύην·
305 2458 488 2515 ἔπεκαλέοπο
501 2459 556 2537 γάρ
571 2462 597 2517 οἱ
607 2462 761 2534 Κυρηναῖοι
773 2457 819 2517 ἐπὶ
831 2461 884 2537 γῆς
898 2455 962 2517 ἀνα·

162 2542 270 2618 δασμῷ.
305 2544 408 2620 ἔχρησε
422 2543 452 2600 δὲ
465 2542 517 2601 ὦδε
531 2545 640 2622 ἔχοντα·

203 2653 250 2703 Ὃς
271 2654 299 2701 δέ
316 2671 356 2701 κεν
374 2656 397 2703 ἐς
413 2656 505 2718 Λιβύην
521 2658 674 2717 πολυηρατιν
689 2652 788 2717 ὕστερον
804 2656 865 2715 ἔλθῃ

212 2728 260 2788 γΐις
278 2728 453 2788 ἀναδαιομένας,
466 2728 529 2786 μετά
546 2726 569 2775 οἵ
584 2728 649 2775 ποκιί
665 2734 727 2789 φαμι
743 2727 865 2785 μελήσειν.

165 2829 374 2907 Συλλεχθέντος
394 2829 424 2887 δὲ
445 2827 547 2904 ὁμίλου
568 2832 680 2887 πολλοῦ
701 2832 729 2890 ἔς
748 2827 800 2903 τήν
821 2816 983 2905 Ktsspvffv‘vyv,⁸

162 2916 394 3021 περιταμνόμενοι
420 2920 475 2994 γῆν
501 2914 615 2991 πολλήν
641 2918 668 2974 οἱ
694 2917 828 2991 περίοικοι
854 2906 959 2990 ’Λίβυες

106 3032 112 3040 ·
162 3000 209 3054 καὶ
229 3026 245 3057 ο
237 3000 459 3073 βασιλευς’
424 3006 514 3060 αυτῶν
533 3028 571 3079 τῳ
558 3001 731 3077 οὔνομα
712 3026 747 3076 ην
762 3000 943 3078 Ἀδικράν,
916 3027 957 3060 οια

160 3086 211 3153 τῆς
232 3110 264 3141 τε
274 3087 379 3163 χώρης
406 3088 619 3163 στερισκόμενοι
646 3090 692 3145 καὶ
718 3088 957 3165 περιῦβριζόμενοι

159 3162 215 3221 ὖπὸ
233 3190 287 3224 των
299 3173 476 3274 Κυρηναίων,
491 3174 676 3249 πέμψαντες’
663 3200 691 3235 ες
703 3176 846 3254 Αιγυπτον
859 3174 956 3232 ἔδοσαν

160 3248 308 3313 σφεας
272 3251 370 3312 awo&
389 3252 492 3330 Απρίη
511 3261 550 3331 τῷ
571 3259 715 3337 Αἰγύπτου
736 3260 866 3335 βασιλεῖ·
891 3286 906 3318 ο
898 3258 954 3317 ’δῦ
