<?xml version="1.0" encoding="UTF-8"?>
<!DOCTYPE html PUBLIC "-//W3C//DTD XHTML 1.0 Transitional//EN"
    "http://www.w3.org/TR/xhtml1/DTD/xhtml1-transitional.dtd">
<html xmlns="http://www.w3.org/1999/xhtml" xml:lang="en" lang="en">
 <head>
  <title>
</title>
<meta http-equiv="Content-Type" content="text/html;charset=utf-8" />
  <meta name='ocr-system' content='tesseract 3.04.00' />
  <meta name='ocr-capabilities' content='ocr_page ocr_carea ocr_par ocr_line ocrx_word'/>
</head>
<body>
  <div class='ocr_page' id='page_1' title='image "./herodotus00blakgoog_0325.png"; bbox 0 0 2150 3500; ppageno 0'>
   <div class='ocr_carea' id='block_1_1' title="bbox 108 131 963 3282">
    <p class='ocr_par' dir='ltr' id='par_1_1' title="bbox 142 131 963 1709">
     <span class='ocr_line' id='line_1_1' title="bbox 163 131 961 215; baseline 0.001 -17"><span class='ocrx_word' id='word_1_1' title='bbox 163 149 213 198; x_wconf 80' lang='lat'>310</span> <span class='ocrx_word' id='word_1_2' title='bbox 459 131 656 201; x_wconf 75' lang='grc' dir='ltr'>Ηνοιοτου</span> <span class='ocrx_word' id='word_1_3' title='bbox 898 149 961 215; x_wconf 81' lang='lat' dir='ltr'><strong>[IV.</strong></span> 
     </span>
     <span class='ocr_line' id='line_1_2' title="bbox 164 211 963 336; baseline 0.004 -51"><span class='ocrx_word' id='word_1_4' title='bbox 164 225 310 336; x_wconf 80' lang='grc' dir='ltr'>Σκυθικην,</span> <span class='ocrx_word' id='word_1_5' title='bbox 323 226 472 290; x_wconf 81' lang='grc' dir='ltr'>καταδύς’</span> <span class='ocrx_word' id='word_1_6' title='bbox 458 252 485 290; x_wconf 88' lang='grc' dir='ltr'>ες</span> <span class='ocrx_word' id='word_1_7' title='bbox 496 253 550 303; x_wconf 89' lang='grc' dir='ltr'>την</span> <span class='ocrx_word' id='word_1_8' title='bbox 563 211 734 304; x_wconf 77' lang='grc' dir='ltr'>καλεομένην</span> <span class='ocrx_word' id='word_1_9' title='bbox 748 226 878 303; x_wconf 79' lang='grc' dir='ltr'>Ὑλαίην·</span> <span class='ocrx_word' id='word_1_10' title='bbox 894 228 926 309; x_wconf 79' lang='grc' dir='ltr'>(ἡ</span> <span class='ocrx_word' id='word_1_11' title='bbox 940 229 963 288; x_wconf 83' lang='grc' dir='ltr'>δ’</span> 
     </span>
     <span class='ocr_line' id='line_1_3' title="bbox 163 314 962 394; baseline 0.004 -21"><span class='ocrx_word' id='word_1_12' title='bbox 163 315 225 374; x_wconf 82' lang='grc' dir='ltr'>ἔστι</span> <span class='ocrx_word' id='word_1_13' title='bbox 240 316 292 390; x_wconf 77' lang='grc' dir='ltr'>μὲν</span> <span class='ocrx_word' id='word_1_14' title='bbox 302 315 383 391; x_wconf 83' lang='grc' dir='ltr'>,παραὶ</span> <span class='ocrx_word' id='word_1_15' title='bbox 397 314 447 372; x_wconf 79' lang='grc' dir='ltr'>τόν</span> <span class='ocrx_word' id='word_1_16' title='bbox 466 314 634 392; x_wconf 81' lang='grc' dir='ltr'>Ἀχιλλήΐον</span> <span class='ocrx_word' id='word_1_17' title='bbox 650 315 772 390; x_wconf 85' lang='grc' dir='ltr'>Δρόμον,</span> <span class='ocrx_word' id='word_1_18' title='bbox 785 315 920 394; x_wconf 77' lang='grc' dir='ltr'>τυγχάνει</span> <span class='ocrx_word' id='word_1_19' title='bbox 934 318 962 376; x_wconf 84' lang='grc' dir='ltr'>δὲ</span> 
     </span>
     <span class='ocr_line' id='line_1_4' title="bbox 162 401 962 479; baseline 0.004 -19"><span class='ocrx_word' id='word_1_20' title='bbox 162 405 243 462; x_wconf 80' lang='grc' dir='ltr'>πάσα</span> <span class='ocrx_word' id='word_1_21' title='bbox 256 405 342 461; x_wconf 81' lang='grc' dir='ltr'>εὀύσα</span> <span class='ocrx_word' id='word_1_22' title='bbox 355 401 485 478; x_wconf 80' lang='grc' dir='ltr'>δενδρέων</span> <span class='ocrx_word' id='word_1_23' title='bbox 497 403 636 460; x_wconf 85' lang='grc' dir='ltr'>παντοίων</span> <span class='ocrx_word' id='word_1_24' title='bbox 649 402 744 479; x_wconf 78' lang='grc' dir='ltr'>πλέη)</span> <span class='ocrx_word' id='word_1_25' title='bbox 764 407 792 464; x_wconf 80' lang='grc' dir='ltr'>ἒς</span> <span class='ocrx_word' id='word_1_26' title='bbox 808 403 915 478; x_wconf 88' lang='grc' dir='ltr'>ταύτην</span> <span class='ocrx_word' id='word_1_27' title='bbox 928 405 962 478; x_wconf 78' lang='grc' dir='ltr'><em>δὴ</em></span> 
     </span>
     <span class='ocr_line' id='line_1_5' title="bbox 163 487 962 571; baseline 0.001 -23"><span class='ocrx_word' id='word_1_28' title='bbox 163 488 280 551; x_wconf 84' lang='grc' dir='ltr'>καταδύς</span> <span class='ocrx_word' id='word_1_29' title='bbox 292 489 309 547; x_wconf 81' lang='grc' dir='ltr'>ὁ</span> <span class='ocrx_word' id='word_1_30' title='bbox 321 488 499 567; x_wconf 87' lang='grc' dir='ltr'>Ἀνάχαρσις,</span> <span class='ocrx_word' id='word_1_31' title='bbox 509 488 562 564; x_wconf 77' lang='grc' dir='ltr'>τὴν</span> <span class='ocrx_word' id='word_1_32' title='bbox 575 487 660 565; x_wconf 71' lang='grc' dir='ltr'>ὁρτὴν</span> <span class='ocrx_word' id='word_1_33' title='bbox 672 492 770 548; x_wconf 78' lang='grc' dir='ltr'>πᾶσαν</span> <span class='ocrx_word' id='word_1_34' title='bbox 782 491 914 551; x_wconf 80' lang='grc' dir='ltr'>ἐπετέλεε</span> <span class='ocrx_word' id='word_1_35' title='bbox 926 496 962 571; x_wconf 78' lang='grc' dir='ltr'>τῇ</span> 
     </span>
     <span class='ocr_line' id='line_1_6' title="bbox 162 575 961 658; baseline 0.001 -22"><span class='ocrx_word' id='word_1_36' title='bbox 162 579 223 655; x_wconf 80' lang='grc' dir='ltr'>θεῷ,</span> <span class='ocrx_word' id='word_1_37' title='bbox 236 576 378 652; x_wconf 89' lang='grc' dir='ltr'>τύμπανόν</span> <span class='ocrx_word' id='word_1_38' title='bbox 393 601 424 636; x_wconf 92' lang='grc' dir='ltr'>τε</span> <span class='ocrx_word' id='word_1_39' title='bbox 444 578 514 656; x_wconf 81' lang='grc' dir='ltr'>ἔχων</span> <span class='ocrx_word' id='word_1_40' title='bbox 530 577 577 635; x_wconf 87' lang='grc' dir='ltr'>καὶ</span> <span class='ocrx_word' id='word_1_41' title='bbox 595 576 781 654; x_wconf 78' lang='grc' dir='ltr'>ἐκδησάμενος</span> <span class='ocrx_word' id='word_1_42' title='bbox 797 575 961 658; x_wconf 87' lang='grc' dir='ltr'>ἀγάλματα·</span> 
     </span>
     <span class='ocr_line' id='line_1_7' title="bbox 161 663 962 741; baseline 0.006 -19"><span class='ocrx_word' id='word_1_43' title='bbox 161 665 207 724; x_wconf 89' lang='grc' dir='ltr'>καὶ</span> <span class='ocrx_word' id='word_1_44' title='bbox 219 667 273 723; x_wconf 76' lang='grc' dir='ltr'>τῶν</span> <span class='ocrx_word' id='word_1_45' title='bbox 285 689 326 726; x_wconf 89' lang='grc' dir='ltr'>τις</span> <span class='ocrx_word' id='word_1_46' title='bbox 340 665 466 727; x_wconf 86' lang='grc' dir='ltr'>Σκυθέων</span> <span class='ocrx_word' id='word_1_47' title='bbox 479 665 690 741; x_wconf 85' lang='grc' dir='ltr'>καταφρασθεὶς</span> <span class='ocrx_word' id='word_1_48' title='bbox 702 663 787 723; x_wconf 86' lang='grc' dir='ltr'>αύτάν</span> <span class='ocrx_word' id='word_1_49' title='bbox 799 666 889 724; x_wconf 70' lang='grc' dir='ltr'>ταῦτα</span> <span class='ocrx_word' id='word_1_50' title='bbox 901 692 962 727; x_wconf 90' lang='grc' dir='ltr'>ποι·</span> 
     </span>
     <span class='ocr_line' id='line_1_8' title="bbox 161 750 963 832; baseline 0.007 -22"><span class='ocrx_word' id='word_1_51' title='bbox 161 755 241 812; x_wconf 80' lang='grc' dir='ltr'>εὖντα</span> <span class='ocrx_word' id='word_1_52' title='bbox 261 752 383 831; x_wconf 77' lang='grc' dir='ltr'>ἐσήμηνε</span> <span class='ocrx_word' id='word_1_53' title='bbox 395 757 434 830; x_wconf 81' lang='grc' dir='ltr'>τῷ</span> <span class='ocrx_word' id='word_1_54' title='bbox 446 752 566 828; x_wconf 82' lang='grc' dir='ltr'>βασιλέϊ</span> <span class='ocrx_word' id='word_1_55' title='bbox 586 752 706 832; x_wconf 81' lang='grc' dir='ltr'>Σαυλίιρ·</span> <span class='ocrx_word' id='word_1_56' title='bbox 727 750 745 811; x_wconf 82' lang='grc' dir='ltr'><em>ὅ</em></span> <span class='ocrx_word' id='word_1_57' title='bbox 765 750 860 810; x_wconf 81' lang='grc' dir='ltr'>δὲκαὶ</span> <span class='ocrx_word' id='word_1_58' title='bbox 881 753 963 820; x_wconf 86' lang='grc' dir='ltr'>αύτάς</span> 
     </span>
     <span class='ocr_line' id='line_1_9' title="bbox 160 838 961 918; baseline 0.005 -20"><span class='ocrx_word' id='word_1_59' title='bbox 160 838 334 917; x_wconf 86' lang='grc' dir='ltr'>ἀπικόμενος,</span> <span class='ocrx_word' id='word_1_60' title='bbox 349 839 384 902; x_wconf 77' lang='grc' dir='ltr'>αἷς</span> <span class='ocrx_word' id='word_1_61' title='bbox 398 839 452 898; x_wconf 85' lang='grc' dir='ltr'>εἶδε</span> <span class='ocrx_word' id='word_1_62' title='bbox 463 838 513 899; x_wconf 81' lang='grc' dir='ltr'>τόν</span> <span class='ocrx_word' id='word_1_63' title='bbox 529 838 701 918; x_wconf 81' lang='grc' dir='ltr'>Ἀνάχαρσιν</span> <span class='ocrx_word' id='word_1_64' title='bbox 716 843 850 899; x_wconf 79' lang='grc' dir='ltr'>ποιεῦντα</span> <span class='ocrx_word' id='word_1_65' title='bbox 865 844 961 916; x_wconf 78' lang='grc' dir='ltr'>ταῦτα,</span> 
     </span>
     <span class='ocr_line' id='line_1_10' title="bbox 161 925 962 1004; baseline 0.004 -17"><span class='ocrx_word' id='word_1_66' title='bbox 161 927 295 996; x_wconf 78' lang='grc' dir='ltr'>τοξεύσας</span> <span class='ocrx_word' id='word_1_67' title='bbox 314 925 398 987; x_wconf 81' lang='grc' dir='ltr'>αύτδν</span> <span class='ocrx_word' id='word_1_68' title='bbox 417 925 568 986; x_wconf 88' lang='grc' dir='ltr'>ἀπέκτεινε·</span> <span class='ocrx_word' id='word_1_69' title='bbox 593 927 640 986; x_wconf 84' lang='grc' dir='ltr'>καὶ</span> <span class='ocrx_word' id='word_1_70' title='bbox 659 930 716 997; x_wconf 83' lang='grc' dir='ltr'>νῦν,</span> <span class='ocrx_word' id='word_1_71' title='bbox 736 925 773 1002; x_wconf 81' lang='grc' dir='ltr'>ἥν</span> <span class='ocrx_word' id='word_1_72' title='bbox 792 952 835 990; x_wconf 86' lang='grc' dir='ltr'>τις</span> <span class='ocrx_word' id='word_1_73' title='bbox 856 928 962 1004; x_wconf 83' lang='grc' dir='ltr'>εἴρηται</span> 
     </span>
     <span class='ocr_line' id='line_1_11' title="bbox 160 1013 961 1094; baseline 0.007 -22"><span class='ocrx_word' id='word_1_74' title='bbox 160 1015 225 1091; x_wconf 85' lang='grc' dir='ltr'>περὶ</span> <span class='ocrx_word' id='word_1_75' title='bbox 243 1014 438 1094; x_wconf 81' lang='grc' dir='ltr'>Ἀναχάρσιος,</span> <span class='ocrx_word' id='word_1_76' title='bbox 459 1013 492 1074; x_wconf 88' lang='grc' dir='ltr'>ού</span> <span class='ocrx_word' id='word_1_77' title='bbox 513 1015 590 1091; x_wconf 88' lang='grc' dir='ltr'>φασί</span> <span class='ocrx_word' id='word_1_78' title='bbox 607 1040 656 1090; x_wconf 87' lang='grc' dir='ltr'>μιν</span> <span class='ocrx_word' id='word_1_79' title='bbox 676 1013 782 1078; x_wconf 79' lang='grc' dir='ltr'>Σκύθαι</span> <span class='ocrx_word' id='word_1_80' title='bbox 802 1015 961 1094; x_wconf 79' lang='grc' dir='ltr'>γινώσκειν·</span> 
     </span>
     <span class='ocr_line' id='line_1_12' title="bbox 161 1100 962 1177; baseline 0.006 -16"><span class='ocrx_word' id='word_1_81' title='bbox 161 1101 206 1161; x_wconf 84' lang='grc' dir='ltr'>διαὶ</span> <span class='ocrx_word' id='word_1_82' title='bbox 221 1105 303 1162; x_wconf 81' lang='grc' dir='ltr'>τοῦτο</span> <span class='ocrx_word' id='word_1_83' title='bbox 321 1102 365 1162; x_wconf 86' lang='grc' dir='ltr'>ὅτι</span> <span class='ocrx_word' id='word_1_84' title='bbox 383 1101 537 1177; x_wconf 81' lang='grc' dir='ltr'>ἐξεδήμησέ</span> <span class='ocrx_word' id='word_1_85' title='bbox 548 1127 580 1162; x_wconf 88' lang='grc' dir='ltr'>τε</span> <span class='ocrx_word' id='word_1_86' title='bbox 593 1106 621 1164; x_wconf 84' lang='grc' dir='ltr'>ές</span> <span class='ocrx_word' id='word_1_87' title='bbox 632 1101 684 1177; x_wconf 73' lang='grc' dir='ltr'>τὴν</span> <span class='ocrx_word' id='word_1_88' title='bbox 697 1100 833 1172; x_wconf 79' lang='grc' dir='ltr'>Ἑλλάδα,</span> <span class='ocrx_word' id='word_1_89' title='bbox 848 1103 896 1162; x_wconf 82' lang='grc' dir='ltr'>καὶ</span> <span class='ocrx_word' id='word_1_90' title='bbox 910 1105 962 1174; x_wconf 81' lang='grc' dir='ltr'>ξει·</span> 
     </span>
     <span class='ocr_line' id='line_1_13' title="bbox 162 1188 961 1270; baseline 0.004 -21"><span class='ocrx_word' id='word_1_91' title='bbox 162 1192 265 1249; x_wconf 85' lang='grc' dir='ltr'>νικοῗσι</span> <span class='ocrx_word' id='word_1_92' title='bbox 279 1190 355 1250; x_wconf 78' lang='grc' dir='ltr'>ἔθεσι</span> <span class='ocrx_word' id='word_1_93' title='bbox 367 1189 545 1267; x_wconf 84' lang='grc' dir='ltr'>διεχρήσατο.</span> <span class='ocrx_word' id='word_1_94' title='bbox 571 1188 609 1252; x_wconf 76' lang='grc' dir='ltr'>ὀἷς</span> <span class='ocrx_word' id='word_1_95' title='bbox 622 1188 645 1248; x_wconf 78' lang='grc' dir='ltr'>δ’</span> <span class='ocrx_word' id='word_1_96' title='bbox 655 1188 709 1270; x_wconf 74' lang='grc' dir='ltr'>ε’γά</span> <span class='ocrx_word' id='word_1_97' title='bbox 721 1188 833 1266; x_wconf 58' lang='grc' dir='ltr'>γἥκουσα</span> <span class='ocrx_word' id='word_1_98' title='bbox 843 1191 961 1267; x_wconf 83' lang='grc' dir='ltr'>Τύμνεω,</span> 
     </span>
     <span class='ocr_line' id='line_1_14' title="bbox 160 1275 961 1355; baseline 0.002 -17"><span class='ocrx_word' id='word_1_99' title='bbox 160 1280 212 1338; x_wconf 80' lang='grc' dir='ltr'>τού</span> <span class='ocrx_word' id='word_1_100' title='bbox 223 1276 412 1355; x_wconf 76' lang='grc' dir='ltr'>Ἀριαπείθεος</span> <span class='ocrx_word' id='word_1_101' title='bbox 425 1275 584 1353; x_wconf 76' lang='grc' dir='ltr'>ἐπιτρόπου,</span> <span class='ocrx_word' id='word_1_102' title='bbox 596 1276 666 1336; x_wconf 87' lang='grc' dir='ltr'>εἶναι</span> <span class='ocrx_word' id='word_1_103' title='bbox 678 1275 764 1336; x_wconf 84' lang='grc' dir='ltr'>αύτδν</span> <span class='ocrx_word' id='word_1_104' title='bbox 775 1275 961 1354; x_wconf 83' lang='grc' dir='ltr'>Ἰδανθύρσου</span> 
     </span>
     <span class='ocr_line' id='line_1_15' title="bbox 160 1364 961 1442; baseline 0.004 -17"><span class='ocrx_word' id='word_1_105' title='bbox 160 1370 212 1425; x_wconf 79' lang='grc' dir='ltr'>τοῦ</span> <span class='ocrx_word' id='word_1_106' title='bbox 225 1366 351 1430; x_wconf 89' lang='grc' dir='ltr'>Σκυθέων</span> <span class='ocrx_word' id='word_1_107' title='bbox 363 1365 502 1441; x_wconf 85' lang='grc' dir='ltr'>βασιλέος</span> <span class='ocrx_word' id='word_1_108' title='bbox 514 1365 635 1442; x_wconf 88' lang='grc' dir='ltr'>πάτρων,</span> <span class='ocrx_word' id='word_1_109' title='bbox 649 1365 735 1424; x_wconf 84' lang='grc' dir='ltr'>παῖδα</span> <span class='ocrx_word' id='word_1_110' title='bbox 749 1364 779 1423; x_wconf 80' lang='grc' dir='ltr'>δὲ</span> <span class='ocrx_word' id='word_1_111' title='bbox 793 1364 864 1424; x_wconf 85' lang='grc' dir='ltr'>εἶναι</span> <span class='ocrx_word' id='word_1_112' title='bbox 877 1368 961 1428; x_wconf 81' lang='grc' dir='ltr'>Γνού</span> 
     </span>
     <span class='ocr_line' id='line_1_16' title="bbox 160 1450 962 1533; baseline -0.001 -20"><span class='ocrx_word' id='word_1_113' title='bbox 160 1479 220 1530; x_wconf 90' lang='grc' dir='ltr'>ρου,</span> <span class='ocrx_word' id='word_1_114' title='bbox 228 1458 278 1513; x_wconf 88' lang='grc' dir='ltr'>τοῦ</span> <span class='ocrx_word' id='word_1_115' title='bbox 291 1452 393 1521; x_wconf 85' lang='grc' dir='ltr'>Λύκου,</span> <span class='ocrx_word' id='word_1_116' title='bbox 403 1456 454 1512; x_wconf 81' lang='grc' dir='ltr'>τοῦ</span> <span class='ocrx_word' id='word_1_117' title='bbox 468 1453 706 1533; x_wconf 79' lang='grc' dir='ltr'>Σπαργαπείθεος·</span> <span class='ocrx_word' id='word_1_118' title='bbox 721 1455 744 1510; x_wconf 86' lang='grc' dir='ltr'>εἶ</span> <span class='ocrx_word' id='word_1_119' title='bbox 758 1450 795 1511; x_wconf 82' lang='grc' dir='ltr'>ὦν</span> <span class='ocrx_word' id='word_1_120' title='bbox 808 1452 913 1530; x_wconf 86' lang='grc' dir='ltr'>ταύτης</span> <span class='ocrx_word' id='word_1_121' title='bbox 925 1455 962 1531; x_wconf 81' lang='grc' dir='ltr'>ἦν</span> 
     </span>
     <span class='ocr_line' id='line_1_17' title="bbox 142 1539 961 1619; baseline 0.004 -20"><span class='ocrx_word' id='word_1_122' title='bbox 142 1544 211 1615; x_wconf 83' lang='grc' dir='ltr'>-τῆς</span> <span class='ocrx_word' id='word_1_123' title='bbox 233 1544 320 1615; x_wconf 83' lang='grc' dir='ltr'>οἶκιης</span> <span class='ocrx_word' id='word_1_124' title='bbox 340 1539 357 1599; x_wconf 83' lang='grc' dir='ltr'>ὁ</span> <span class='ocrx_word' id='word_1_125' title='bbox 379 1539 559 1619; x_wconf 89' lang='grc' dir='ltr'>Ἀνάχαρσις,</span> <span class='ocrx_word' id='word_1_126' title='bbox 576 1541 645 1599; x_wconf 80' lang='grc' dir='ltr'>ἴστω</span> <span class='ocrx_word' id='word_1_127' title='bbox 666 1539 721 1599; x_wconf 81' lang='grc' dir='ltr'>ύπὸ</span> <span class='ocrx_word' id='word_1_128' title='bbox 744 1543 796 1599; x_wconf 79' lang='grc' dir='ltr'>τοῦ</span> <span class='ocrx_word' id='word_1_129' title='bbox 817 1539 961 1617; x_wconf 78' lang='grc' dir='ltr'>ἀδελφεοῦ</span> 
     </span>
     <span class='ocr_line' id='line_1_18' title="bbox 158 1625 961 1709; baseline 0.004 -24"><span class='ocrx_word' id='word_1_130' title='bbox 158 1626 315 1687; x_wconf 79' lang='grc' dir='ltr'>ἀποθανών·</span> <span class='ocrx_word' id='word_1_131' title='bbox 324 1625 503 1703; x_wconf 89' lang='grc' dir='ltr'>Ἰδάνθυρσος</span> <span class='ocrx_word' id='word_1_132' title='bbox 511 1626 567 1709; x_wconf 80' lang='grc' dir='ltr'>γάρ</span> <span class='ocrx_word' id='word_1_133' title='bbox 575 1626 682 1702; x_wconf 81' lang='grc' dir='ltr'>ἦνπαῖς</span> <span class='ocrx_word' id='word_1_134' title='bbox 690 1627 822 1690; x_wconf 84' lang='grc' dir='ltr'>Σαυλίου·</span> <span class='ocrx_word' id='word_1_135' title='bbox 837 1629 961 1694; x_wconf 77' lang='grc' dir='ltr'>Σαύλιος</span> 
     </span>
    </p>

    <p class='ocr_par' dir='ltr' id='par_1_2' title="bbox 111 1713 960 2755">
     <span class='ocr_line' id='line_1_19' title="bbox 111 1713 960 1794; baseline 0.004 -20"><span class='ocrx_word' id='word_1_136' title='bbox 111 1715 149 1778; x_wconf 78' lang='grc'>77</span> <span class='ocrx_word' id='word_1_137' title='bbox 159 1715 189 1774; x_wconf 83' lang='grc' dir='ltr'>δὲ</span> <span class='ocrx_word' id='word_1_138' title='bbox 208 1714 243 1790; x_wconf 89' lang='grc' dir='ltr'>ἦν</span> <span class='ocrx_word' id='word_1_139' title='bbox 262 1715 279 1773; x_wconf 87' lang='grc' dir='ltr'>ὁ</span> <span class='ocrx_word' id='word_1_140' title='bbox 299 1713 462 1778; x_wconf 81' lang='grc' dir='ltr'>ἀποκτείνας</span> <span class='ocrx_word' id='word_1_141' title='bbox 480 1714 662 1794; x_wconf 85' lang='grc' dir='ltr'>Ἀνάχαρσιν.</span> <span class='ocrx_word' id='word_1_142' title='bbox 704 1715 806 1775; x_wconf 86' lang='grc' dir='ltr'>Καίτοι</span> <span class='ocrx_word' id='word_1_143' title='bbox 825 1715 888 1776; x_wconf 82' lang='grc' dir='ltr'>τινά</span> <span class='ocrx_word' id='word_1_144' title='bbox 905 1715 960 1794; x_wconf 84' lang='grc' dir='ltr'>ἤδη</span> 
     </span>
     <span class='ocr_line' id='line_1_20' title="bbox 156 1800 958 1883; baseline 0.006 -23"><span class='ocrx_word' id='word_1_145' title='bbox 156 1802 266 1878; x_wconf 84' lang='grc' dir='ltr'>ἥκουσα</span> <span class='ocrx_word' id='word_1_146' title='bbox 277 1800 365 1882; x_wconf 90' lang='grc' dir='ltr'>λόγον</span> <span class='ocrx_word' id='word_1_147' title='bbox 378 1801 468 1873; x_wconf 82' lang='grc' dir='ltr'>ἀλλον</span> <span class='ocrx_word' id='word_1_148' title='bbox 477 1801 532 1863; x_wconf 81' lang='grc' dir='ltr'>ύπά</span> <span class='ocrx_word' id='word_1_149' title='bbox 547 1803 784 1879; x_wconf 86' lang='grc' dir='ltr'>Πελοποννησίων</span> <span class='ocrx_word' id='word_1_150' title='bbox 794 1804 958 1883; x_wconf 83' lang='grc' dir='ltr'>λεγόμενον,</span> 
     </span>
     <span class='ocr_line' id='line_1_21' title="bbox 158 1890 958 1969; baseline 0 -19"><span class='ocrx_word' id='word_1_151' title='bbox 158 1890 194 1954; x_wconf 70' lang='grc' dir='ltr'>οἷς</span> <span class='ocrx_word' id='word_1_152' title='bbox 207 1890 262 1950; x_wconf 81' lang='grc' dir='ltr'>ύπά</span> <span class='ocrx_word' id='word_1_153' title='bbox 278 1893 327 1949; x_wconf 86' lang='grc' dir='ltr'>τοῦ</span> <span class='ocrx_word' id='word_1_154' title='bbox 343 1890 470 1954; x_wconf 89' lang='grc' dir='ltr'>Σκυθέων</span> <span class='ocrx_word' id='word_1_155' title='bbox 485 1891 626 1967; x_wconf 83' lang='grc' dir='ltr'>βασιλέος</span> <span class='ocrx_word' id='word_1_156' title='bbox 639 1890 810 1969; x_wconf 87' lang='grc' dir='ltr'>Ἀνάχαρσις</span> <span class='ocrx_word' id='word_1_157' title='bbox 827 1890 958 1969; x_wconf 84' lang='grc' dir='ltr'>ἀποπεμ-</span> 
     </span>
     <span class='ocr_line' id='line_1_22' title="bbox 161 1977 958 2059; baseline 0.001 -20"><span class='ocrx_word' id='word_1_158' title='bbox 161 1979 242 2055; x_wconf 84' lang='grc' dir='ltr'>φθεὶς</span> <span class='ocrx_word' id='word_1_159' title='bbox 254 1985 305 2053; x_wconf 77' lang='grc' dir='ltr'>τῆς</span> <span class='ocrx_word' id='word_1_160' title='bbox 313 1977 453 2042; x_wconf 83' lang='grc' dir='ltr'>Ἑλλάδος</span> <span class='ocrx_word' id='word_1_161' title='bbox 465 1978 593 2055; x_wconf 75' lang='grc' dir='ltr'>μαθητὴς</span> <span class='ocrx_word' id='word_1_162' title='bbox 604 1980 721 2059; x_wconf 90' lang='grc' dir='ltr'>γένοιτο·</span> <span class='ocrx_word' id='word_1_163' title='bbox 737 1977 829 2037; x_wconf 87' lang='grc' dir='ltr'>ὀπίσω</span> <span class='ocrx_word' id='word_1_164' title='bbox 841 2004 874 2040; x_wconf 77' lang='grc' dir='ltr'>τε</span> <span class='ocrx_word' id='word_1_165' title='bbox 886 1978 958 2051; x_wconf 71' lang='grc' dir='ltr'>ἀπο·</span> 
     </span>
     <span class='ocr_line' id='line_1_23' title="bbox 158 2064 957 2145; baseline -0.001 -17"><span class='ocrx_word' id='word_1_166' title='bbox 158 2066 300 2145; x_wconf 80' lang='grc' dir='ltr'>νοστήσας</span> <span class='ocrx_word' id='word_1_167' title='bbox 320 2066 391 2143; x_wconf 83' lang='grc' dir='ltr'>φαίη</span> <span class='ocrx_word' id='word_1_168' title='bbox 411 2067 482 2144; x_wconf 78' lang='grc' dir='ltr'>πρός</span> <span class='ocrx_word' id='word_1_169' title='bbox 502 2065 553 2127; x_wconf 85' lang='grc' dir='ltr'>τάν</span> <span class='ocrx_word' id='word_1_170' title='bbox 576 2064 790 2143; x_wconf 79' lang='grc' dir='ltr'>ἀποπέμψαντα,</span> <span class='ocrx_word' id='word_1_171' title='bbox 810 2065 957 2142; x_wconf 85' lang='grc' dir='ltr'>’Έλληνας</span> 
     </span>
     <span class='ocr_line' id='line_1_24' title="bbox 158 2152 957 2235; baseline 0 -21"><span class='ocrx_word' id='word_1_172' title='bbox 158 2156 263 2219; x_wconf 87' lang='grc' dir='ltr'>πάντας</span> <span class='ocrx_word' id='word_1_173' title='bbox 272 2154 414 2235; x_wconf 87' lang='grc' dir='ltr'>ἀσχόλους</span> <span class='ocrx_word' id='word_1_174' title='bbox 424 2153 493 2213; x_wconf 86' lang='grc' dir='ltr'>εἶναι</span> <span class='ocrx_word' id='word_1_175' title='bbox 503 2158 531 2217; x_wconf 83' lang='grc' dir='ltr'>ές</span> <span class='ocrx_word' id='word_1_176' title='bbox 543 2156 640 2214; x_wconf 83' lang='grc' dir='ltr'>πᾶσαν</span> <span class='ocrx_word' id='word_1_177' title='bbox 652 2154 767 2231; x_wconf 80' lang='grc' dir='ltr'>σοφίην,</span> <span class='ocrx_word' id='word_1_178' title='bbox 777 2152 854 2228; x_wconf 70' lang='grc' dir='ltr'>πλὴν</span> <span class='ocrx_word' id='word_1_179' title='bbox 865 2160 957 2214; x_wconf 89' lang='grc' dir='ltr'>Λακε-</span> 
     </span>
     <span class='ocr_line' id='line_1_25' title="bbox 157 2239 956 2319; baseline 0.001 -19"><span class='ocrx_word' id='word_1_180' title='bbox 157 2242 312 2319; x_wconf 68' lang='grc' dir='ltr'>δαιμονίων·</span> <span class='ocrx_word' id='word_1_181' title='bbox 343 2242 470 2303; x_wconf 91' lang='grc' dir='ltr'>τούτοισι</span> <span class='ocrx_word' id='word_1_182' title='bbox 494 2242 525 2301; x_wconf 81' lang='grc' dir='ltr'>δὲ</span> <span class='ocrx_word' id='word_1_183' title='bbox 551 2240 621 2300; x_wconf 79' lang='grc' dir='ltr'>εἶναι</span> <span class='ocrx_word' id='word_1_184' title='bbox 645 2239 775 2318; x_wconf 88' lang='grc' dir='ltr'>μούνοισι</span> <span class='ocrx_word' id='word_1_185' title='bbox 801 2241 956 2319; x_wconf 85' lang='grc' dir='ltr'>σωφρόνως</span> 
     </span>
     <span class='ocr_line' id='line_1_26' title="bbox 157 2326 956 2409; baseline 0.001 -21"><span class='ocrx_word' id='word_1_186' title='bbox 157 2329 254 2389; x_wconf 83' lang='grc' dir='ltr'>δοῦναί</span> <span class='ocrx_word' id='word_1_187' title='bbox 270 2357 302 2390; x_wconf 91' lang='grc' dir='ltr'>τε</span> <span class='ocrx_word' id='word_1_188' title='bbox 322 2331 368 2390; x_wconf 90' lang='grc' dir='ltr'>καὶ</span> <span class='ocrx_word' id='word_1_189' title='bbox 388 2330 521 2399; x_wconf 84' lang='grc' dir='ltr'>δέξασθαι</span> <span class='ocrx_word' id='word_1_190' title='bbox 541 2327 638 2409; x_wconf 91' lang='grc' dir='ltr'>λόγον.</span> <span class='ocrx_word' id='word_1_191' title='bbox 678 2326 745 2387; x_wconf 80' lang='grc' dir='ltr'>ἀλλ’</span> <span class='ocrx_word' id='word_1_192' title='bbox 765 2326 845 2391; x_wconf 81' lang='grc' dir='ltr'>οὗτος</span> <span class='ocrx_word' id='word_1_193' title='bbox 864 2331 917 2405; x_wconf 73' lang='grc' dir='ltr'>μὲν</span> <span class='ocrx_word' id='word_1_194' title='bbox 937 2328 956 2389; x_wconf 77' lang='grc' dir='ltr'>ὅ</span> 
     </span>
     <span class='ocr_line' id='line_1_27' title="bbox 156 2413 956 2497; baseline 0.001 -23"><span class='ocrx_word' id='word_1_195' title='bbox 156 2415 242 2497; x_wconf 87' lang='grc' dir='ltr'>λόγος</span> <span class='ocrx_word' id='word_1_196' title='bbox 261 2416 356 2480; x_wconf 78' lang='grc' dir='ltr'>ἄλλως</span> <span class='ocrx_word' id='word_1_197' title='bbox 374 2417 529 2477; x_wconf 90' lang='grc' dir='ltr'>πέπαισται</span> <span class='ocrx_word' id='word_1_198' title='bbox 547 2414 594 2475; x_wconf 76' lang='grc' dir='ltr'>ἀπ’</span> <span class='ocrx_word' id='word_1_199' title='bbox 614 2414 705 2475; x_wconf 83' lang='grc' dir='ltr'>αύτῶν</span> <span class='ocrx_word' id='word_1_200' title='bbox 722 2413 877 2491; x_wconf 77' lang='grc' dir='ltr'>Ἑλλήνων·</span> <span class='ocrx_word' id='word_1_201' title='bbox 897 2414 956 2475; x_wconf 76' lang='grc' dir='ltr'>ἀδ</span> 
     </span>
     <span class='ocr_line' id='line_1_28' title="bbox 156 2500 955 2580; baseline 0.004 -19"><span class='ocrx_word' id='word_1_202' title='bbox 156 2502 194 2562; x_wconf 81' lang='grc' dir='ltr'>ὦν</span> <span class='ocrx_word' id='word_1_203' title='bbox 211 2502 289 2579; x_wconf 72' lang='grc' dir='ltr'>ἀνὴρ,</span> <span class='ocrx_word' id='word_1_204' title='bbox 303 2502 398 2579; x_wconf 78' lang='grc' dir='ltr'>ὥσπερ</span> <span class='ocrx_word' id='word_1_205' title='bbox 413 2503 549 2579; x_wconf 90' lang='grc' dir='ltr'>πρότερον</span> <span class='ocrx_word' id='word_1_206' title='bbox 567 2502 667 2580; x_wconf 85' lang='grc' dir='ltr'>εἰρέθη,</span> <span class='ocrx_word' id='word_1_207' title='bbox 683 2502 829 2580; x_wconf 78' lang='grc' dir='ltr'>διεφθάρη.</span> <span class='ocrx_word' id='word_1_208' title='bbox 870 2500 955 2569; x_wconf 75' lang='grc' dir='ltr'>οὗτος</span> 
     </span>
     <span class='ocr_line' id='line_1_29' title="bbox 154 2588 954 2668; baseline 0.001 -18"><span class='ocrx_word' id='word_1_209' title='bbox 154 2590 207 2667; x_wconf 90' lang='grc' dir='ltr'>μέν</span> <span class='ocrx_word' id='word_1_210' title='bbox 219 2614 267 2650; x_wconf 86' lang='grc' dir='ltr'>νυν</span> <span class='ocrx_word' id='word_1_211' title='bbox 280 2588 350 2649; x_wconf 79' lang='grc' dir='ltr'>οὕτω</span> <span class='ocrx_word' id='word_1_212' title='bbox 362 2588 397 2664; x_wconf 83' lang='grc' dir='ltr'>δή</span> <span class='ocrx_word' id='word_1_213' title='bbox 409 2616 438 2649; x_wconf 90' lang='grc' dir='ltr'>τι</span> <span class='ocrx_word' id='word_1_214' title='bbox 450 2590 551 2668; x_wconf 77' lang='grc' dir='ltr'>ἔπρηξε</span> <span class='ocrx_word' id='word_1_215' title='bbox 563 2589 609 2649; x_wconf 87' lang='grc' dir='ltr'>διά</span> <span class='ocrx_word' id='word_1_216' title='bbox 621 2589 725 2661; x_wconf 73' lang='grc' dir='ltr'>ξεινικά</span> <span class='ocrx_word' id='word_1_217' title='bbox 738 2614 771 2650; x_wconf 94' lang='grc' dir='ltr'>τε</span> <span class='ocrx_word' id='word_1_218' title='bbox 786 2588 887 2667; x_wconf 88' lang='grc' dir='ltr'>νόμαια</span> <span class='ocrx_word' id='word_1_219' title='bbox 905 2592 954 2651; x_wconf 87' lang='grc' dir='ltr'>καὶ</span> 
     </span>
     <span class='ocr_line' id='line_1_30' title="bbox 155 2675 455 2755; baseline 0 -18"><span class='ocrx_word' id='word_1_220' title='bbox 155 2678 322 2754; x_wconf 89' lang='grc' dir='ltr'>Ἑλληνικας</span> <span class='ocrx_word' id='word_1_221' title='bbox 333 2675 455 2755; x_wconf 80' lang='grc' dir='ltr'>ὁμιλίας.</span> 
     </span>
    </p>

    <p class='ocr_par' dir='ltr' id='par_1_3' title="bbox 108 2763 953 3279">
     <span class='ocr_line' id='line_1_31' title="bbox 108 2763 952 2844; baseline 0.001 -19"><span class='ocrx_word' id='word_1_222' title='bbox 108 2765 146 2825; x_wconf 83' lang='grc'>78</span> <span class='ocrx_word' id='word_1_223' title='bbox 195 2768 340 2826; x_wconf 89' lang='grc' dir='ltr'>Πολλοισι</span> <span class='ocrx_word' id='word_1_224' title='bbox 350 2766 380 2824; x_wconf 80' lang='grc' dir='ltr'>δὲ</span> <span class='ocrx_word' id='word_1_225' title='bbox 392 2765 480 2843; x_wconf 82' lang='grc' dir='ltr'>κάρτα</span> <span class='ocrx_word' id='word_1_226' title='bbox 490 2765 564 2825; x_wconf 82' lang='grc' dir='ltr'>ἔτεσι</span> <span class='ocrx_word' id='word_1_227' title='bbox 575 2763 702 2843; x_wconf 82' lang='grc' dir='ltr'>ὕστερον,</span> <span class='ocrx_word' id='word_1_228' title='bbox 710 2763 845 2842; x_wconf 81' lang='grc' dir='ltr'>Σκύληςύ</span> <span class='ocrx_word' id='word_1_229' title='bbox 856 2763 952 2844; x_wconf 88' lang='grc' dir='ltr'>Ἀρια-</span> 
     </span>
     <span class='ocr_line' id='line_1_32' title="bbox 155 2852 953 2934; baseline 0.006 -25"><span class='ocrx_word' id='word_1_230' title='bbox 155 2854 266 2914; x_wconf 89' lang='grc' dir='ltr'>πείθεος</span> <span class='ocrx_word' id='word_1_231' title='bbox 283 2853 368 2913; x_wconf 78' lang='grc' dir='ltr'>ἔπαθε</span> <span class='ocrx_word' id='word_1_232' title='bbox 384 2852 572 2929; x_wconf 77' lang='grc' dir='ltr'>παραπλήσια</span> <span class='ocrx_word' id='word_1_233' title='bbox 588 2852 687 2932; x_wconf 78' lang='grc' dir='ltr'>τούτῳ·</span> <span class='ocrx_word' id='word_1_234' title='bbox 707 2852 877 2929; x_wconf 83' lang='grc' dir='ltr'>Ἀριαπείθεϊ</span> <span class='ocrx_word' id='word_1_235' title='bbox 892 2854 953 2934; x_wconf 76' lang='grc' dir='ltr'>γάρ</span> 
     </span>
     <span class='ocr_line' id='line_1_33' title="bbox 153 2937 953 3049; baseline 0.006 -54"><span class='ocrx_word' id='word_1_236' title='bbox 153 2941 192 3013; x_wconf 72' lang='grc' dir='ltr'>τῷ</span> <span class='ocrx_word' id='word_1_237' title='bbox 218 2937 345 3002; x_wconf 87' lang='grc' dir='ltr'>Σκυθέων</span> <span class='ocrx_word' id='word_1_238' title='bbox 368 2939 491 3015; x_wconf 79' lang='grc' dir='ltr'>βασιλέϊ</span> <span class='ocrx_word' id='word_1_239' title='bbox 514 2939 620 3021; x_wconf 77' lang='grc' dir='ltr'>γίνεται</span> <span class='ocrx_word' id='word_1_240' title='bbox 644 2938 714 3049; x_wconf 83' lang='grc' dir='ltr'>μετ’</span> <span class='ocrx_word' id='word_1_241' title='bbox 727 2938 823 2999; x_wconf 81' lang='grc' dir='ltr'>ἄλλων</span> <span class='ocrx_word' id='word_1_242' title='bbox 843 2941 953 3000; x_wconf 86' lang='grc' dir='ltr'>παίδων</span> 
     </span>
     <span class='ocr_line' id='line_1_34' title="bbox 155 3022 951 3132; baseline 0.004 -48"><span class='ocrx_word' id='word_1_243' title='bbox 155 3023 272 3099; x_wconf 82' lang='grc' dir='ltr'>Σκύλης·</span> <span class='ocrx_word' id='word_1_244' title='bbox 286 3030 320 3099; x_wconf 81' lang='grc' dir='ltr'>ἐξ</span> <span class='ocrx_word' id='word_1_245' title='bbox 328 3024 489 3131; x_wconf 80' lang='grc' dir='ltr'>Ἰστριηνῆς</span> <span class='ocrx_word' id='word_1_246' title='bbox 496 3024 527 3083; x_wconf 74' lang='grc' dir='ltr'>δὲ</span> <span class='ocrx_word' id='word_1_247' title='bbox 535 3026 668 3132; x_wconf 79' lang='grc' dir='ltr'>γυναικός</span> <span class='ocrx_word' id='word_1_248' title='bbox 681 3022 762 3089; x_wconf 77' lang='grc' dir='ltr'>οὗτος</span> <span class='ocrx_word' id='word_1_249' title='bbox 773 3027 886 3106; x_wconf 84' lang='grc' dir='ltr'>γίνεται,</span> <span class='ocrx_word' id='word_1_250' title='bbox 903 3029 951 3087; x_wconf 81' lang='grc' dir='ltr'>καὶ</span> 
     </span>
     <span class='ocr_line' id='line_1_35' title="bbox 152 3106 952 3222; baseline 0.016 -61"><span class='ocrx_word' id='word_1_251' title='bbox 152 3106 309 3179; x_wconf 83' lang='grc' dir='ltr'>ούδαμῶς’</span> <span class='ocrx_word' id='word_1_252' title='bbox 296 3112 436 3217; x_wconf 76' lang='grc' dir='ltr'>εγχωρίης·</span> <span class='ocrx_word' id='word_1_253' title='bbox 456 3108 506 3168; x_wconf 80' lang='grc' dir='ltr'>τόν</span> <span class='ocrx_word' id='word_1_254' title='bbox 524 3109 544 3185; x_wconf 79' lang='grc' dir='ltr'><em>ἦ</em></span> <span class='ocrx_word' id='word_1_255' title='bbox 561 3111 654 3187; x_wconf 75' lang='grc' dir='ltr'>μήτηρ</span> <span class='ocrx_word' id='word_1_256' title='bbox 672 3112 743 3189; x_wconf 78' lang='grc' dir='ltr'>αὕτη</span> <span class='ocrx_word' id='word_1_257' title='bbox 757 3114 913 3222; x_wconf 79' lang='grc' dir='ltr'>γλῶσσάν</span> <span class='ocrx_word' id='word_1_258' title='bbox 918 3139 952 3174; x_wconf 88' lang='grc' dir='ltr'>τε</span> 
     </span>
     <span class='ocr_line' id='line_1_36' title="bbox 151 3186 951 3282; baseline 0.014 -36.111"><span class='ocrx_word' id='word_1_259' title='bbox 151 3186 277 3249; x_wconf 86' lang='grc' dir='ltr'>Ελλάδα</span> <span class='ocrx_word' id='word_1_260' title='bbox 303 3197 350 3251; x_wconf 85' lang='grc' dir='ltr'>καὶ</span> <span class='ocrx_word' id='word_1_261' title='bbox 373 3195 526 3272; x_wconf 89' lang='grc' dir='ltr'>γράμματα</span> <span class='ocrx_word' id='word_1_262' title='bbox 552 3197 666 3265; x_wconf 80' lang='grc' dir='ltr'>ἐδίδαξε·</span> <span class='ocrx_word' id='word_1_263' title='bbox 695 3200 767 3275; x_wconf 84' lang='grc' dir='ltr'>μετά</span> <span class='ocrx_word' id='word_1_264' title='bbox 793 3200 831 3269; x_wconf 76' lang='grc' dir='ltr'>δὲ,</span> <span class='ocrx_word' id='word_1_265' title='bbox 856 3201 951 3282; x_wconf 78' lang='grc' dir='ltr'>χρόνῳ</span> 
     </span>
    </p>
   </div>
   <div class='ocr_carea' id='block_1_2' title="bbox 150 3269 951 3367">
    <p class='ocr_par' dir='ltr' id='par_1_4' title="bbox 150 3269 951 3367">
     <span class='ocr_line' id='line_1_37' title="bbox 150 3269 951 3367; baseline 0.025 -41"><span class='ocrx_word' id='word_1_266' title='bbox 150 3269 274 3345; x_wconf 81' lang='grc' dir='ltr'>ὕστερον,</span> <span class='ocrx_word' id='word_1_267' title='bbox 286 3274 510 3351; x_wconf 86' lang='grc' dir='ltr'>Ἀριαπείθης</span> <span class='ocrx_word' id='word_1_268' title='bbox 475 3306 527 3351; x_wconf 89' lang='grc' dir='ltr'>μεν</span> <span class='ocrx_word' id='word_1_269' title='bbox 536 3285 653 3359; x_wconf 76' lang='grc' dir='ltr'>τελευτᾷ</span> <span class='ocrx_word' id='word_1_270' title='bbox 667 3284 767 3363; x_wconf 82' lang='grc' dir='ltr'>δόλοι</span> <span class='ocrx_word' id='word_1_271' title='bbox 751 3312 805 3345; x_wconf 86' lang='grc' dir='ltr'>υπο</span> <span class='ocrx_word' id='word_1_272' title='bbox 796 3285 951 3367; x_wconf 80' lang='grc' dir='ltr'>Σπαργα·</span> 
     </span>
    </p>
   </div>
   <div class='ocr_carea' id='block_1_3' title="bbox 0 0 1080 3500">
    <p class='ocr_par' dir='ltr' id='par_1_5' title="bbox 0 0 1080 3500">
     <span class='ocr_line' id='line_1_38' title="bbox 0 0 1080 3500; baseline 0 3"><span class='ocrx_word' id='word_1_273' title='bbox 0 0 1080 3500; x_wconf 95' lang='lat' dir='ltr'> </span> 
     </span>
    </p>
   </div>
  </div>
 </body>
</html>
