2150 3500
195 92 244 141 18⁰
491 88 676 140 ἨΡΟΔΟἝΟΤ
852 5 1050 248 τ

194 171 344 247 κρατέοντα
357 168 436 230 εἰναι·
451 169 574 230 ὕστατον
584 169 613 230 δὲ
623 167 709 244 αύτῆς
717 167 899 246 βασιλεύσοι
906 166 923 194 ’
991 195 1008 232 ν

193 257 244 318 τόν
255 257 382 334 Ὀσίριος
393 257 489 328 παῖδα,
501 256 553 317 τόν
564 255 734 316 Ἀπόλλωνα
741 253 885 331 Ἕλληνες
898 255 1007 333 ὄνομά-

193 345 285 416 ζονσι·
310 350 419 414 τοῦτον,
442 342 660 405 καταπαύσαντα
680 347 803 420 Τυφῶνα
820 345 1008 418 βασιλεῦσαι

193 431 317 493 ὕστατον
328 431 482 514 Αἰγύπτου.
517 430 632 510 Ὀσιρις
650 431 682 492 δέ
696 435 759 493 ε’στι
772 429 915 495 Διόνυσος
931 431 1006 493 κατὰ

195 518 324 582 Ἑλλάδα
334 523 485 601 γλῶσσαν.

148 609 205 668 145
233 607 282 668 Ἐν
293 607 421 685 Ἕλλησι
437 608 490 685 μέν
507 631 556 669 νιν
573 605 705 668 νεώτατοι
721 608 777 667 τῶν
790 606 863 667 θεῶν
876 606 1006 683 νομίζον

193 720 240 756 ται
258 695 329 756 εἶναι
340 695 486 771 Ἡρακλῆς
501 720 534 756 τε
552 695 598 756 καὶ
611 693 750 759 Διόνυσος
767 693 813 754 καὶ
829 691 905 754 Πάν·
938 693 1007 771 παρ’

194 782 375 863 Αἰγυπτίοισι
388 783 419 842 δὲ
437 782 503 843 Πὰν
517 782 570 860 μὲν
588 780 780 861 ἀρχαιότατος,
794 781 842 841 καὶ
856 785 915 841 τῶν
931 780 1006 842 daero}

193 873 249 930 τῶν
260 870 376 948 τριύτιιν
390 871 550 951 λεγομένων
568 871 647 931 θεῶν·
667 869 813 947 Ἡρακλῆς
826 869 856 928 δὲ
872 873 933 930 τῶν
942 869 1006 932 δεν-

193 958 288 1034 τέρων,
300 961 356 1019 τῶν
376 958 498 1018 δυόδεκα
516 957 676 1039 λεγομένων
697 956 775 1017 εἰναι·
800 955 947 1020 Διόνυσος
967 957 1004 1028 δὲ,

193 1049 249 1105 τῶν
260 1047 368 1123 τρίτων,
382 1046 410 1107 οἰ
422 1051 453 1106 ἐκ
464 1049 520 1106 τόν
529 1045 652 1106 δυόδεκα
666 1045 735 1106 θεῶν
748 1044 885 1126 ἐγένοντο.
913 1044 1005 1123 Ἦρα-

195 1133 260 1192 κλέί
271 1136 323 1212 μὲν
336 1132 371 1210 δή
390 1131 447 1197 ὅσα
460 1132 541 1194 αύτοί
554 1131 704 1214 Αἰγύπτιοί
719 1137 794 1208 φασι
808 1131 879 1192 εἶναι
894 1133 963 1192 ἔτεα
976 1137 1004 1196 ές

188 1219 315 1298 Ἀμασιν
332 1221 468 1300 βασιλέα,
481 1219 638 1296 δεδήλιπαί
651 1245 701 1297 μοι
718 1219 838 1297 πρόσθε·
875 1219 957 1280 Πανὶ
973 1221 1003 1280 δὲ

193 1309 234 1370 ἔτι
253 1308 357 1370 τούτων
377 1309 485 1370 πλέονα
504 1309 620 1388 λέγεται
637 1307 720 1378 εἰναι,
744 1305 875 1386 Διονύσῳ
892 1307 917 1366 δ’
936 1307 1002 1368 ε’λό-

192 1421 281 1476 χιστα
299 1395 412 1458 τούτων·
436 1396 484 1456 καὶ
497 1395 587 1475 τούτῳ
605 1396 823 1474 πεντακισχίλια
842 1395 891 1455 καὶ
910 1394 1007 1473 μύρια·

193 1485 353 1565 λογίζονται
373 1483 444 1544 εἰναι
463 1488 492 1548 ἐς
512 1481 640 1560 Ἄμασιν
659 1483 796 1561 βασιλέα.
837 1481 885 1541 καὶ
907 1488 1002 1543 ταῦτα

192 1570 340 1651 Αἰγύπτιοι
356 1569 490 1648 ἀτρεκέως
507 1571 584 1648 φασὶ
602 1570 780 1641 ἐπίστασθαι,
795 1573 850 1630 αἰεί
867 1595 900 1630 τε
920 1573 1000 1652 λογι·

191 1657 302 1736 ζόρενοι
318 1657 365 1718 καὶ
382 1659 437 1718 αἰεί
452 1657 686 1740 ἀπογραφόμενοι
701 1657 737 1718 τοὶ
753 1657 822 1718 ἔτεα.
866 1658 1001 1740 Διονύσῳ

190 1746 243 1822 μέν
256 1771 304 1806 νυν
315 1752 355 1825 τῷ
367 1752 398 1807 ἔκ
417 1746 544 1824 Σεμέλης
558 1751 610 1823 τῆς
627 1744 746 1824 Κόδρου
764 1745 909 1827 λεγομένῳ
922 1750 1000 1829 γενέ·
1048 1770 1049 1798 ι

191 1836 269 1905 σθαι,
291 1860 362 1895 κατα
352 1833 550 1904 ἑξακόσια*
535 1860 598 1896 ετεα
619 1860 665 1894 και
654 1834 762 1914 χίλια
781 1833 950 1911 μόλιστό’
936 1862 1001 1897 εστι
1047 1832 1048 1877 ἰ

190 1927 252 1988 ές’
238 1923 297 2000 εμέ·
323 1922 461 2001 Ηρακλέῑ
476 1923 560 1983 δὲ
521 1948 561 2001 τῳ
575 1922 737 1999 Ἀλκμήνης
757 1920 828 1981 κατιί
850 1922 1001 1985 εἰνακόσια
1046 1914 1047 1954 ἰ

190 2011 262 2072 ἔτεα·
286 2013 363 2073 Πανὶ
384 2011 472 2071 δὲ
433 2038 473 2090 τῳ
492 2015 522 2071 ε’κ
543 2009 720 2087 Πηνελόπης,
744 2010 786 2090 (ἐκ
810 2008 916 2115 ταύτης
941 1990 1046 2110 γὰρ

191 2100 238 2159 καὶ
250 2098 358 2178 Ερμέω
376 2099 489 2181 λέγεται
504 2096 666 2179 γενέσθαι
649 2124 705 2158 υπο
696 2095 893 2173 Ἕλληνιιν
877 2124 893 2157 ο
908 2099 1044 2206 Πόν)

190 2186 334 2249 Macco*
319 2186 381 2249 ετεοί
394 2192 457 2247 ε’στι
472 2190 528 2247 τῶν
546 2188 682 2262 Τρωικῶν,
698 2184 768 2245 κατοὶ
784 2210 821 2245 τα
838 2182 997 2247 ὀκτακόσια
1042 2232 1043 2266 η

144 2274 201 2334 146
209 2275 372 2350 μόλιστα’
359 2301 387 2338 ες
402 2276 460 2352 ε’μέ.
500 2271 653 2334 Τούτων’
633 2299 671 2333 ων
690 2272 858 2351 αμφοτέριιν
871 2273 996 2350 πάρεστι
1041 2298 1042 2345 1

188 2364 314 2439 χρᾶσθαι
336 2363 416 2422 τοῖσί
438 2387 482 2426 τις
506 2361 636 2422 πείσεται
661 2362 842 2442 λεγομένοισι
867 2364 995 2436 μᾶλλον·
1040 2360 1041 2423 ἰ

189 2448 252 2524 ε’ροὶ
272 2448 296 2507 δ’
317 2447 355 2508 ὦν
375 2447 395 2523 ἦ
416 2449 481 2525 περὶ
504 2448 596 2510 αὐτῶν
616 2447 713 2531 γνόμη
736 2447 929 2520 ἀποδέδεκται.
970 2454 996 2511 εἰ

190 2538 243 2612 μὲν
256 2533 312 2616 γιίρ
332 2536 452 2613 φανεροί
468 2562 500 2597 τε
520 2537 647 2618 ε’γένοντο
668 2535 715 2595 καὶ
729 2535 935 2617 κατεγήρασαν
947 2538 995 2597 καί

207 2619 221 2646 Q
283 2628 291 2647 ς
340 2623 374 2643 κε
451 2622 460 2645 ν
570 2624 578 2645 ν
645 2623 652 2644 ι
764 2623 773 2646 ν
826 2622 834 2643 ε
853 2628 861 2647 0
887 2622 895 2642 τ

188 2648 265 2683 ουτοι
277 2649 307 2683 εν
318 2650 355 2702 τη
374 2623 494 2695 Ελλαδι,
508 2650 632 2702 καταπερ
654 2626 804 2702 Ηρακλεης
817 2650 833 2683 ο
848 2624 880 2693 εξ
895 2631 993 2701 Αμφι·

186 2710 306 2789 τρύιινος
322 2709 479 2793 γενόμενος,
495 2712 542 2773 καὶ
558 2711 592 2789 δη
612 2712 658 2771 καὶ
672 2710 811 2775 Διόνυσος
830 2709 846 2770 ὁ
860 2715 891 2771 ἐκ
905 2715 991 2790 Σεμέ-

187 2802 248 2877 λης,
262 2799 308 2859 καί
322 2798 386 2861 Πιίν
400 2799 416 2860 ὁ
428 2804 460 2859 ἐκ
476 2799 646 2876 Πηνελόπης
662 2798 818 2879 γενόμενος,
833 2799 888 2875 ἔφη
901 2798 937 2861 ἅν
948 2826 992 2865 τις

186 2886 233 2945 καὶ
253 2887 368 2951 τούτοις
394 2883 508 2956 ἄλλοις,
525 2884 633 2963 ’ἄνδρας
647 2882 829 2967 γενομένους,
853 2886 928 2965 ἔχειν
952 2888 991 2949 τὰ

185 2974 294 3034 ε’κεόνιιν
313 2974 454 3052 οὐνόματα
472 2977 527 3034 τῶν
547 2971 759 3054 προγεγονότων
779 2973 858 3033 θεῶν·
890 2978 939 3035 νῦν
958 2976 990 3037 δὲ

185 3059 325 3121 Διόνυσόν
342 3087 373 3122 τε
387 3062 506 3142 λέγουσι
526 3062 554 3118 οἱ
569 3058 716 3135 Ἕλληνες,
735 3059 771 3123 οἷς
791 3058 891 3120 αι’σίκα
909 3063 988 3142 γενό-

183 3170 269 3223 μενον
286 3152 314 3211 ές
329 3146 378 3208 τόν
396 3147 487 3225 μηρόν
505 3143 676 3222 ἐνερράψατο
695 3147 764 3210 Ζεύς
784 3147 831 3207 καί
850 3148 942 3224 ἤνεικε
957 3155 988 3215 ές

184 3231 286 3293 Νύσαν
303 3233 355 3308 τὴν
370 3232 440 3309 ὑπὲρ
458 3230 602 3312 Αἰγύπτου
622 3235 725 3295 ἰοῦσαν
743 3238 773 3295 έν
790 3260 826 3315 τη
840 3237 984 3317 Αἰθιοπίῃ·
