2150 3500
168 76 218 122 ιοο
476 76 659 128 ‘amoma‘
916 75 975 144 [n.

167 152 267 215 ἔσοδον
281 153 347 217 οὔτε
362 155 476 218 ἐκδυσιν
492 154 622 233 ούδεμίαν
638 155 713 236 ἔχον·
731 153 925 233 ἀπορεύμενον
942 155 975 216 δέ

165 264 215 316 μιν
233 240 299 302 τάδε
319 247 448 319 ποιῆσαι·
470 247 521 304 τοΰ
541 242 635 320 φωρδς
654 241 704 304 τόν
724 241 804 303 νέκυν
825 242 900 302 κατὰ
918 247 974 304 τοῦ

165 327 271 407 τείχεος
285 330 504 409 κατακρεμάσαι·
525 329 671 406 φυλάκους
684 329 714 390 δὲ
727 329 812 390 αὐτοῦ
826 331 973 407 καταστή-

165 439 265 488 σαντα,
273 419 454 485 ἐντείλασθαί
460 424 516 495 σφι
525 415 735 478 τδνάνῖδωνται
742 416 972 480 ἀποκλαύσαντα

165 499 185 578 ἣ
200 505 445 584 κατοικτισάμενον
457 504 660 582 συλλαβόντας
675 504 754 614 άγειν
767 503 839 583 πρδς
854 505 970 567 ἔιιιιπόν·

167 588 395 672 ἀνακρεμαμένου
416 594 448 654 δέ
469 597 520 655 τοῦ
543 592 647 664 νέκυος,
666 619 719 698 την
740 591 850 670 μητέρα
873 592 971 658 δεινῶς

165 677 269 757 φέρειν,
284 681 388 763 λόγους
405 681 435 742 δὲ
453 681 525 759 πρδς
540 679 591 742 τόν
605 679 750 758 περιεόντα
766 679 855 740 παῖδα
872 704 968 742 ποιευ-

163 765 259 843 μένην,
269 768 464 845 προστάσσειν
476 767 550 849 αύτῶ
562 767 630 829 ότειι
615 767 733 848 τρόπω
746 765 860 828 δύναται
872 794 966 848 μηχα·

165 855 309 915 νεῖσθαι
292 882 362 920 οκυς
386 857 420 917 τό
446 860 531 936 σῶμα
556 859 607 918 τοῦ
633 855 774 931 ἀδελφεοῦ
800 856 967 922 καταλύσας

165 946 264 1018 κομιεῖ·
291 947 316 1004 εἶ
334 945 365 1005 δέ
383 942 488 1007 τούτων
506 943 654 1023 ἀμελήσει,
675 942 843 1004 διαπειλέειν
866 942 964 1021 αύτὴν,

165 1027 201 1093 ὥς
214 1031 339 1093 ἐλθοῦσα
350 1033 422 1111 πρός
432 1031 483 1095 τδν
492 1030 623 1110 βασιλέα
634 1030 754 1108 μηνύσει
766 1029 852 1092 αὐτόν
862 1033 965 1112 ἔχοντα

164 1115 201 1177 τά
218 1118 359 1198 χρήματα·
380 1119 416 1185 ῶς
435 1121 465 1181 δὲ
481 1123 614 1201 χαλεπῶς
631 1118 808 1197 ἐλαμβάνετο
827 1118 848 1195 ἦ
867 1119 964 1199 μήτηρ

164 1210 216 1267 τοῦ
228 1207 385 1285 περιεόντος
396 1207 504 1279 παιδός,
517 1208 565 1269 καὶ
577 1205 675 1267 πολλά
686 1205 757 1284 πρός
772 1205 859 1282 αὐτὴν
870 1207 964 1289 λέγων

164 1293 215 1354 ούκ
229 1296 329 1369 ἔπειθε,
343 1296 582 1409 ἐπιτεχνήσασθαι
596 1294 690 1356 τοιάδε
705 1320 763 1372 μιν·
783 1292 864 1358 ὅνους
879 1321 962 1356 κατα-

164 1384 375 1463 σκευασάμενον
387 1386 433 1445 καὶ
445 1383 551 1448 άσκοδς
563 1382 756 1459 πλήσαντα’
727 1407 811 1453 οινου,
824 1384 962 1444 ἐπιθεῖναι
986 1408 988 1412 ’

165 1470 277 1533 ἐπὶτῶν
288 1472 357 1535 όνων
369 1499 421 1542 και
429 1474 524 1533 ἔπειτα
536 1469 705 1532 ἐλαύνειν
670 1469 779 1536 αυτούς·
796 1469 833 1534 ῶς
845 1470 875 1558 δε
889 1473 961 1532 κατοὶ

163 1557 228 1622 τούς
250 1559 490 1636 φυλάσσοντας’
472 1587 508 1636 ην
529 1559 580 1620 τόν
600 1556 771 1636 κρεμάμενον
792 1553 880 1630 νέκυν,
903 1565 959 1619 ε’πι·

163 1644 959 1724 σπάσαντατῶνοῖσκῶνδύοῆτρεῖςποδεῶναςαύτδνλύειν

163 1731 351 1812 άπαμμένους·
370 1734 407 1800 ῶς
422 1734 453 1797 δὲ
471 1737 546 1815 ἔρρεε
563 1735 580 1795 6
599 1734 680 1807 οἶνος,
692 1732 745 1811 τὴν
762 1734 891 1812 κεφαλήν
909 1762 959 1813 μιν

164 1821 317 1885 κόπτεσθαι
325 1823 438 1906 μεγάλα
447 1826 569 1901 βοῶντα,
578 1822 614 1887 ῶς
621 1822 671 1883 ούκ
680 1822 779 1902 ἔχοντα
787 1822 859 1900 πρός
865 1822 958 1885 ὁκοῖον

162 1912 217 1970 τῶν
237 1909 306 1973 όνων
323 1917 434 1990 πρῶτον
452 1912 603 1991 τράπηται·
621 1909 687 1975 τούς
706 1910 737 1970 δέ
756 1908 902 1987 φυλάκους
921 1911 957 1975 ῶς
982 1978 984 1983 ,

164 1998 230 2060 ἰδεῖν
242 2000 334 2062 πολύν
345 2000 445 2079 ῥέοντα
457 2001 507 2063 τὸν
518 2001 603 2070 οἶνον,
613 1997 775 2079 συντρέχειν
787 2004 816 2062 ἐς
827 1998 881 2075 την
892 1996 956 2060 ὁδόν

163 2086 267 2170 ἅγγη’ῐα
282 2090 395 2170 ἔχοντας
410 2090 457 2151 καὶ
470 2089 520 2196 τδγ
534 2086 716 2167 ἐκκεχυμένον
731 2085 807 2147 οἶνον
822 2088 955 2168 συγκομί-

163 2178 218 2248 ζειν
239 2182 269 2238 ἐν
286 2178 376 2255 κέρδεϊ
394 2176 581 2256 ποιευμένους,
598 2174 648 2236 τόν
665 2174 695 2233 δὲ
715 2173 955 2255 διαλοιδορέεσθαι

162 2270 243 2337 πᾶσι,
267 2265 355 2373 ὀργην
377 2264 625 2373 προσποιεύμενον
650 2261 904 2340 παραμυθευμένων
924 2262 955 2324 δέ

161 2352 245 2413 αύτδν
264 2357 319 2414 τῶν
340 2345 482 2429 φυλάκων,
501 2351 593 2459 χρόνῳ
612 2348 786 2428 πρηΰνεσθαι
803 2351 954 2427 προσποιέ-

162 2440 244 2500 εσθαι
264 2465 310 2498 και
299 2439 516 2500 Ηύπίεσθαι
479 2464 530 2515 της
550 2438 645 2521 ὀργῆς
664 2436 748 2501 τέλος
767 2437 806 2507 δὲ,
822 2436 954 2507 ἐξελάσαι

161 2524 246 2588 αύτόν
257 2526 322 2591 τούς
333 2525 413 2591 ὅνους
425 2531 456 2586 ἐκ
467 2530 518 2603 τῆς
530 2525 605 2598 ὁδοῦ,
619 2526 665 2585 καὶ
678 2525 901 2597 κατασκευάζειν·
920 2525 954 2590 ῶς

160 2614 191 2675 δὲ
202 2613 305 2696 λόγους
313 2640 345 2676 τε
354 2614 468 2679 πλείους
478 2615 646 2697 ἐγγίνεσθαι,
657 2613 706 2673 καί
715 2637 777 2673 τινα
787 2612 834 2672 καὶ
843 2614 956 2692 σκῶψαί

159 2728 209 2780 μιν
224 2703 271 2763 καὶ
288 2707 316 2768 ἐς
329 2701 440 2785 γέλωτα
453 2702 676 2784 προαγαγέσθαι,
691 2700 833 2761 ἐπιδοῦναι
844 2699 954 2762 αύτοῐαι

159 2796 215 2854 τῶν
231 2791 326 2854 άσκῶν
344 2792 401 2853 ἔνο·
421 2791 486 2856 τούς
503 2792 533 2851 δὲ
550 2790 642 2860 αύτοΰ,
660 2788 755 2866 ὥσπερ
773 2788 858 2868 εἶχον,
874 2814 953 2850 κατα·

158 2880 304 2945 κλιθέντας
323 2881 412 2940 πίνειν
427 2878 610 2948 διανοέεσθαι,
627 2877 673 2937 καὶ
688 2879 792 2937 ἐκεῖνον
806 2880 953 2954 παραλαμ-

159 2967 258 3043 βάνειν
271 2969 317 3027 καὶ
329 2967 450 3027 κελεύειν
461 2964 521 3043 μετ’
535 2968 640 3023 ἑωυτῶν
652 2967 784 3040 μείναντα
797 2964 952 3040 συμπίνειν·

158 3055 209 3115 σόν
228 3056 258 3114 δέ
277 3055 429 3129 πεισθῆναί
445 3078 477 3112 τε
496 3051 531 3127 δη
548 3052 594 3109 καὶ
614 3053 785 3126 καταμεῖναι·
806 3048 843 3112 ῶς
857 3050 890 3110 δέ
907 3076 953 3127 μιν

159 3141 235 3217 παρά
254 3141 306 3217 τὴν
324 3140 411 3200 πόσιν
430 3135 611 3214 φιλοφρόνως
628 3134 807 3211 ἠσπάζοντο,
814 3137 953 3198 ἐπιδοῦναι

158 3226 270 3289 αύτοῖσι
285 3226 332 3287 καὶ
347 3225 438 3285 ἄλλον
455 3226 510 3284 τῶν
525 3221 629 3281 άσκῶν·
650 3221 764 3301 δαψιλέῖ
780 3222 811 3283 δὲ
827 3226 867 3302 τῷ
879 3227 953 3305 ποιῶ
