2150 3500
95 87 100 93 ’
165 101 307 167 111-116]
474 103 703 154 ωυααουιυυα.
918 111 965 158 325

162 187 252 244 τοῦτο
264 182 336 259 πρός
344 180 410 246 τοῖς
422 182 548 247 λοιπούς·
561 187 598 262 τῇ
612 184 641 244 δὲ
655 184 796 265 δευτεραίῃ
808 184 881 262 ἦλθε
894 192 923 252 ἐς
933 189 967 249 τό

162 271 267 349 χωρίον
280 268 364 333 αὐτός
375 295 407 330 τε
421 267 509 340 οὗτος,
520 272 567 330 καὶ
582 272 674 348 ἕτερον
686 272 747 354 ἦγε,
758 275 804 333 καὶ
816 275 868 349 τήν
881 274 966 353 Ἀμα-

163 358 231 430 ζόνα
244 356 307 436 εὗρε
321 358 449 435 δευτέρην
462 358 550 436 αὐτήν
562 359 766 437 ὑπομένουσαν·
787 366 814 421 οἶ
827 363 857 422 δὲ
870 367 967 424 λοιποὶ

162 447 303 524 νεηνίσκοι
320 445 356 508 οἷς
370 445 506 507 ε’πόθοντο
521 452 610 508 ταῦτα
627 449 673 508 καὶ
685 449 764 510 αὐτοὶ
778 451 966 512 ἐκτιλώσαντο

161 534 213 599 τάς
226 534 328 598 λοιπάς
336 537 392 597 τῶν
404 533 574 612 Ἀμαζόνων.
611 535 693 598 Mad
706 537 744 612 δὲ,
759 539 946 616 συμμίξαντες
957 541 1014 600 114

161 623 197 684 τοὶ
218 622 396 702 στρατόπεδα
417 623 507 683 οἴκεον
527 622 606 700 ὁμοῦ,
621 628 738 705 γυναῖκα
759 628 828 705 ἔχων
849 627 966 690 ἕκαστος

161 709 267 788 ταύτην
284 715 320 791 τῇ
335 710 368 772 τό
384 714 495 789 πρῶτον
511 713 677 791 συνεμίχθη·
697 713 749 788 τήν
762 714 791 773 δὲ
805 714 901 790 φωνήν
913 715 964 792 τήν

161 801 213 875 μὲν
235 805 290 860 τοῖν
310 802 447 882 γυναικοῖν
469 801 496 858 οῖ
518 799 613 876 ἄνδρες
634 798 684 860 οὐκ
705 801 831 862 ἐδυνέατο
853 805 962 880 μαθεῖν,

161 887 213 963 τήν
227 889 257 948 δὲ
269 891 324 948 τοῖν
337 887 444 964 ιίνδρῶν
457 890 486 947 αἰ
503 891 631 967 γυναῖκες
649 889 819 965 συνέλαβον.
861 892 921 951 ἐπεὶ
935 892 965 951 δὲ

162 981 287 1052 συνῆκαν
308 975 451 1051 ἀλλήλων,
467 976 565 1045 ἔλεξαν
577 975 647 1054 πρός
659 976 709 1040 τός
728 977 883 1054 Ἀμαζόνας
897 979 965 1039 τάδε

161 1067 189 1124 οῖ
211 1064 316 1141 ἄνδρες·
338 1075 356 1101 “
364 1064 432 1141 ἡμῖν
454 1064 510 1124 εἰσί
530 1066 583 1141 μὲν
603 1065 703 1134 τοκέες,
720 1067 775 1128 εἰσί
795 1067 825 1126 δὲ
843 1067 964 1142 κτήσεις·

161 1156 211 1213 νῦν
228 1151 266 1213 ὧν
280 1154 379 1230 μηκέτι
397 1157 504 1213 πλεῦνα
522 1152 624 1231 χρόνον
641 1152 707 1228 ζόην
723 1151 832 1228 τοιήνδε
850 1155 964 1232 ἔχωμεν·

161 1238 229 1298 ἀλλ’
243 1240 413 1304 άπελθόντες
426 1246 454 1303 ἐς
466 1240 500 1300 τό
513 1241 626 1316 πλῆθος
639 1240 814 1317 διαιτώμεθα·
834 1246 965 1321 γυναῖκας

161 1326 192 1386 δὲ
214 1328 312 1406 ἕξομεν
330 1328 424 1405 ἡμέας,
439 1330 486 1388 καὶ
503 1328 640 1406 οὖδαμέας
655 1327 771 1392 mas?
811 1331 840 1390 αῖ
854 1329 883 1388 δὲ
895 1329 966 1406 πρός

161 1419 249 1476 ταῦτα
267 1416 364 1487 ἔλεξαν
376 1416 452 1476 τάδε·
475 1427 492 1454 “
500 1417 581 1495 ἡμεῖς
594 1417 643 1477 οὐκ
656 1415 691 1478 εἰν
705 1417 855 1494 δυναίμεθα
868 1418 965 1478 οἰκέειν

160 1503 233 1579 μετά
246 1509 302 1564 τοῖν
314 1495 452 1582 ἡμετέρων
464 1510 611 1586 γυναικοῖν·
625 1505 657 1566 οό
670 1506 725 1587 γάρ
735 1505 771 1566 ταί
781 1505 852 1566 αότιί
862 1504 965 1582 νόμαια

160 1590 229 1667 ἡμῖν
241 1618 273 1652 τε
286 1593 332 1652 καὶ
345 1595 455 1672 κείνησί
465 1600 538 1654 ἐστι·
557 1593 638 1671 ἡμεῖς
649 1597 701 1672 μὲν
713 1594 862 1671 τοξεύομέν
874 1620 905 1654 τε
918 1594 965 1654 καὶ

162 1677 345 1767 ἀκοντίζομεν
361 1683 407 1741 καὶ
426 1681 611 1760 ἱππαζόμεθα,
627 1684 694 1765 ἔργα
713 1683 742 1742 δὲ
754 1681 900 1765 γυναικήῖα
913 1682 963 1742 οὐκ

154 1768 312 1846 ἐμάθομεν·
339 1774 369 1831 αῖ
382 1771 412 1830 δὲ
424 1770 554 1849 ἡμέτεραι
566 1777 692 1853 γυναῖκες
704 1772 808 1833 τούτων
819 1776 871 1849 μὲν
884 1771 963 1832 οὐδὲν

159 1861 216 1917 τῶν
235 1856 316 1935 ἡμεῖς
337 1859 523 1936 κατελέξαμεν
543 1864 664 1930 ποιεῦσι,
681 1861 748 1941 ἔργα
768 1861 798 1921 δὲ
817 1860 963 1942 γυναικήϊα

161 1945 324 2026 ἐργάζονται
337 1948 473 2022 μένουσαι
483 1952 512 2007 έν
524 1950 595 2025 τὴσι
605 1947 738 2026 ἁμάξῃσι,
748 1948 803 2007 οὔτ’
815 1950 860 2008 έπῖ
875 1948 962 2025 θήρην

161 2036 256 2093 ἰοῦσαι
269 2032 332 2094 οὔτε
346 2031 423 2113 άλλη
437 2033 556 2111 οὐδαμῇ·
571 2033 622 2092 οὐκ
635 2032 669 2093 ἂν
682 2033 718 2093 ὧν
731 2035 882 2111 δυναίμεθα
895 2036 962 2095 ε’κεί·

159 2146 229 2199 νησι
242 2122 449 2199 συμφέρεσθαι.
478 2120 544 2180 ἀλλ’
556 2125 580 2180 εἰ
592 2120 737 2198 βούλεσθε
746 2127 877 2203 γυναῖκας
890 2123 963 2201 ἔχειν

160 2207 248 2286 ἡμέας
269 2209 315 2267 καί
335 2208 439 2268 δοκέειν
461 2208 531 2269 εἶναι
552 2208 728 2278 δικαιότατοι,
743 2208 870 2271 ἐλθόντες
885 2209 961 2286 παροῖ

160 2295 226 2359 τούς
238 2297 336 2360 τοκέας
348 2295 509 2375 ἀπολάχετε
521 2300 578 2357 ταῖν
595 2296 740 2372 κτημάτων
755 2296 790 2355 τό
802 2297 895 2373 μέρος·
917 2300 962 2357 καὶ

161 2385 256 2444 ἔπειτα
269 2383 398 2447 ε’λθόντες
408 2386 539 2462 οἰκέωμεν
549 2384 596 2445 ε’τί
605 2384 696 2460 ἡμέων
706 2383 832 2445 αὖτέων·”
851 2383 943 2445 Ἐπεί·
954 2388 1010 2446 115

162 2475 246 2535 θοντο
262 2473 309 2533 καί
325 2474 461 2548 ε’ποίησαν
478 2478 567 2535 ταῦτα
586 2476 612 2532 οἱ
625 2474 774 2549 νεηνίσκοι.
816 2474 878 2533 ε’τεί
888 2500 919 2534 τε
932 2474 962 2535 δὲ

161 2561 354 2642 ἀπολαχόντες
376 2565 431 2622 τῶν
455 2562 601 2638 κτημάτων
622 2561 656 2623 τό
680 2561 848 2638 ἐπιβάλλον,
872 2561 963 2639 ἦλθον

161 2650 254 2711 όπίσω
266 2650 344 2727 παρὰ
356 2649 407 2714 τάς
419 2648 582 2727 Ἀμαζόνας,
598 2650 695 2719 ἔλεξαν
709 2654 738 2710 αἱ
753 2656 880 2732 γυναῖκες
892 2650 963 2728 πρός

161 2736 261 2802 αι’ντοιίς
280 2738 355 2799 τάδε·
376 2748 395 2774 “
402 2736 491 2816 ἡμέας
511 2740 568 2817 ἔχει
588 2737 683 2814 φόβος
702 2764 733 2797 τε
752 2740 797 2797 καί
810 2739 877 2811 δέος,
893 2739 962 2803 ὅκως

160 2825 218 2906 χρὴ
237 2827 334 2888 οἰκέειν
353 2832 383 2887 ἰν
397 2827 467 2906 τῷδε
478 2831 518 2905 τῷ
534 2826 623 2905 χώρῳ,
636 2830 720 2885 τοῦτο
732 2828 784 2902 μὲν
797 2825 882 2902 ὑμέας
893 2826 962 2887 άπο-

160 2914 342 2991 στερησάσος
354 2916 489 2992 πατέρων,
497 2918 580 2975 τοῦτο
594 2914 624 2973 δὲ
635 2914 687 2991 τὴν
700 2917 754 2995 γὴν
767 2913 818 2989 τήν
827 2913 962 2992 ἡμετέρην

160 3003 358 3081 δηλησαμένας
379 3002 488 3063 πολλά·
515 3001 582 3062 ἀλλ’
603 3003 665 3062 ε’πεί
685 3028 717 3061 τε
739 3000 850 3072 άξιοῦτε
872 3002 960 3080 ἡμέας

160 3095 293 3173 γυναῖκας
311 3092 391 3171 ἔχειν,
405 3090 472 3151 τάδε
489 3092 598 3150 ποιέετε
610 3088 670 3166 ἅμα
682 3088 759 3168 ἡμῖν·
781 3088 888 3167 φέρετε,
902 3091 933 3161 ἐξ
949 3126 961 3135 -

162 3180 321 3256 ναστέωμεν
335 3185 366 3238 ἔκ
377 3182 427 3254 τῆς
440 3182 493 3259 γῆς
505 3178 601 3253 τῆσδε,
616 3178 662 3237 καὶ
675 3176 848 3255 περήσαντες
860 3176 962 3237 Τάναϊν

161 3267 291 3346 ποταμόν
304 3267 443 3343 οἰκέωμεν·
508 3266 663 3329 Επείθοντο
677 3267 724 3327 καὶ
736 3269 824 3328 ταῖπα
839 3268 867 3326 οἰ
881 3292 941 3343 νεη-
950 3264 1008 3324 116

995 3370 1067 3457 Δ
