2150 3500
119 104 231 171 63-68]
409 105 637 159 ΜΕΛΠΟΜΕΝΗ.
732 161 739 180 τ
872 109 920 157 305

118 186 227 245 πολλοὶ
245 183 337 245 δὲκαὶ
357 184 441 249 ὅλους
457 183 557 263 ἄνδρας
573 186 741 264 ἐκδείραντες
762 185 808 245 καὶ
821 185 919 246 διατεί·

120 298 216 336 ναντες
236 273 281 331 ἐπὶ
302 272 399 344 ξύλων,
422 272 465 332 ἐπ’
486 274 577 333 ἵππων
597 275 791 350 περιφέρουσι.
832 277 921 333 ταῦτα

119 364 172 437 μὲν
182 360 217 436 δή
228 359 298 420 αῦτω
308 367 365 436 σφι
377 361 548 438 νενόμισται.
574 361 667 426 Αύτᾶς
680 363 710 422 δέ
722 362 772 425 τιίς
786 361 920 438 κεφαλαῖς,
930 363 967 421 65

121 446 155 507 ού
180 473 209 508 τι
235 447 345 509 πάντων
370 448 449 508 α’λλᾶ
468 452 524 509 τῶν
548 451 693 529 ἐχθίστων,
714 453 826 509 ποιεῦσι
846 448 920 509 τάδε·

120 534 282 613 ἀποπρίσας
308 536 427 601 ἕκαστος
452 540 509 597 πᾶν
534 537 568 597 αδ
596 539 687 616 ἔνερθε
716 541 771 598 τῶν
800 536 921 614 ὀφρύων,

121 624 289 701 ἐκκαθαίρει·
310 625 356 682 καὶ
371 622 407 700 ἢν
426 628 479 701 μὲν
497 623 517 704 ᾗ
538 627 631 702 πένης,
652 625 668 686 ὁ
689 625 719 685 δέ
739 625 838 696 ἔξωθεν
851 623 921 701 ὦμο-

119 712 211 788 βαέην
235 711 341 788 μούνην
366 713 521 791 περιτείνας
549 712 621 773 οὕτω
646 716 757 792 χρᾶται·
784 711 819 790 ἢν
845 713 875 772 δὲ
901 712 920 792 ᾗ

119 798 269 871 πλούσιος,
287 799 339 875 τήν
355 802 407 876 μὲν
429 799 579 877 ὠμοβοέην
594 802 748 878 περιτείνει,
768 801 872 862 ἔσωθεν
891 801 922 860 δέ

120 887 338 968 περιχρυσύσας
364 888 435 948 οὕτω
462 893 565 968 χρᾶται
591 890 722 969 ποτηρίῳ·
756 893 869 949 ποιεῦσι
892 889 922 948 δέ

119 980 205 1036 τοῦτο
219 976 266 1036 καὶ
280 981 310 1035 ἐκ
323 979 378 1037 πιῦν
391 977 509 1053 οἰκηίων,
519 976 555 1052 ἥν
568 982 624 1053 σφι
637 976 769 1055 διάφοροι
781 977 921 1059 γένωνται,

121 1064 170 1123 καὶ
187 1062 222 1141 ἢν
240 1064 414 1144 ἐπικρατήσῃ
430 1063 514 1124 αύταῦ
535 1064 613 1142 παραὶ
625 1069 663 1144 τῷ
680 1065 809 1141 βασιλέϊ·
830 1065 923 1134 ξείνων

120 1151 155 1211 δέ
167 1155 195 1212 αἱ
208 1152 346 1214 ἐλθόντων
358 1157 413 1213 νῦν
426 1151 460 1212 ἂν
477 1152 567 1234 λόγον
584 1153 720 1228 ποιέηται,
733 1151 784 1217 ταὶς
796 1153 923 1228 κεφαλάς

120 1240 226 1304 ταύτας
237 1241 403 1319 παραφέρει,
418 1241 464 1299 καὶ
480 1240 605 1321 ἐπιλέγει
619 1239 653 1302 ὥς
674 1243 701 1300 οἱ
719 1239 808 1303 ἐόντες
825 1239 924 1315 αἶκήϊοι

120 1327 251 1406 πόλεμον
272 1323 558 1406 πρασεθήκαντα’καί
582 1333 680 1404 σφεων
706 1325 790 1390 αύτδς
811 1327 924 1404 ἐπεκραί-

119 1440 203 1492 τησε·
223 1414 326 1492 ταύτην
339 1415 527 1497 ἀνδραγαθίην
548 1416 688 1497 λέγοντες.
724 1413 821 1484 Ἀπαξ
833 1415 863 1473 δὲ
875 1417 970 1475 τοῦ66

122 1507 249 1564 ἐνιαυτοῦ
262 1503 382 1564 ἑκάστου
400 1504 416 1564 ὁ
434 1502 577 1583 νομάρχης
593 1503 711 1567 ἕκαστος
726 1507 755 1562 ἐν
766 1505 805 1581 τῷ
824 1505 925 1562 ἑωυτοῦ

121 1595 200 1670 νομῷ
215 1595 295 1671 κιρνᾷ
311 1595 435 1670 κρητῆρα
449 1592 533 1662 αἴνου,
547 1589 595 1651 εἶπ’
609 1589 642 1652 οὗ
655 1593 769 1653 πίνουσι
785 1594 841 1650 τῶν
856 1589 925 1654 Σκυ-

121 1680 195 1740 θέων
220 1678 299 1744 ὅσοις
319 1678 353 1739 ἂν
372 1679 469 1758 ἄνδρες
487 1681 621 1759 πολέμιοι
645 1679 824 1760 ἀραιρημένοι
849 1680 924 1738 ἔωσι·

120 1767 238 1829 τοῖσιδ’
254 1766 289 1830 ἂν
305 1770 346 1847 μη
366 1770 592 1855 κατεργασμένον
605 1767 624 1847 ᾖ
637 1775 729 1841 ταῦτα,
745 1768 777 1829 ού
796 1767 925 1851 γεύονται

120 1861 176 1916 τοῦ
201 1857 277 1917 α’ίναυ
301 1856 411 1927 τούτου,
438 1856 504 1916 ἀλλ’
529 1856 698 1935 ἠτιμωμένοι
724 1856 921 1917 ἀποκατέαται·

121 1943 229 2008 ῦνειδας
255 1944 287 2004 δέ
307 1945 366 2021 σφί
387 1950 450 2006 ἐστι
472 1945 608 2025 μέγιστον
630 1948 724 2004 ταῦτα·
754 1943 818 2004 ὅσοι
839 1944 869 2003 δὲ
892 1940 927 2003 ἂν

122 2031 216 2092 αύτιῦν
230 2033 277 2092 καὶΙ
290 2032 378 2110 κάρτα
390 2031 519 2094 πολλοῦς
537 2030 638 2107 ἄνδρας
655 2029 834 2106 α’ναιρηκότες
852 2032 925 2101 ἔωσι,

123 2117 205 2181 οῦτοι
218 2120 248 2180 δέ
261 2119 363 2181 σύνδυο
377 2119 491 2182 κύλικας
505 2119 623 2197 ἔχοντες,
637 2118 750 2178 πίνουσι
763 2117 845 2194 ὁμοῦ.

95 2201 98 2207 ’
166 2208 289 2272 Μάντιες
305 2207 335 2268 δέ
353 2208 481 2273 Σκυθέων
497 2206 553 2266 εἰσὶ
570 2205 686 2275 πολλοὶ,
703 2204 730 2264 οἳ
746 2203 927 2281 μαντεύονται
936 2206 973 2269 67

123 2296 261 2375 ῥάβδοισι
272 2297 388 2376 ἰτεΐνῃσι
397 2297 528 2375 πολλῇσι
536 2292 597 2353 ὦδε·
612 2292 695 2353 ἐπεάν
706 2293 847 2369 φακέλους
856 2290 928 2371 ῥάβ-

124 2386 181 2446 δων
190 2385 331 2467 μεγάλους
344 2385 506 2457 ἐνείκωνται,
516 2382 608 2446 θέντες
617 2382 708 2461 χαμαὶ
719 2380 928 2450 διεξελίσσαυσι

125 2471 236 2536 αύτούς·
250 2474 297 2534 καὶ
310 2474 355 2532 ε’πὶ
367 2471 436 2549 μίαν
446 2470 566 2547 ἐκαίστην
575 2470 684 2548 ῥάβδον
693 2470 820 2540 τιθέντες,
830 2469 927 2529 θεσπί-

126 2564 218 2633 ζουσι·
229 2560 287 2639 ἅμα
295 2587 326 2622 τε
334 2561 464 2641 λέγοντες
471 2562 559 2619 ταῦτα
567 2558 743 2619 συνειλέουσι
750 2556 800 2621 τάς
806 2557 930 2636 ῥάβδους

127 2649 229 2721 ὀπίσω,
238 2650 284 2709 καὶ
296 2648 372 2713 αῦτις
385 2646 456 2707 κατὰ
468 2646 535 2725 μίαν
548 2647 712 2707 συντιθεῖσι·
728 2645 797 2721 αῦτη
810 2646 863 2722 μέν
873 2650 929 2720 σφι

128 2738 148 2813 ἠ
166 2738 285 2815 μαντικὴ
302 2736 428 2815 πατρωίη
446 2735 518 2795 ἐστί·
540 2738 568 2794 οἱ
586 2735 615 2793 δὲ
632 2733 759 2811 Ἐνάρεες
776 2732 816 2813 [αἱ
834 2730 930 2808 αἷνδρό·

128 2824 221 2907 γυναι]
232 2825 284 2903 τὴν
295 2824 466 2903 Ἀφροδίτην
479 2828 535 2898 σφι
548 2822 666 2903 λέγουσι
678 2820 813 2898 μαντικήν
827 2819 929 2879 δοῦναι·

130 2913 253 2992 φιλύρης
268 2913 305 2975 ὧν
323 2915 416 2991 φλοιῷ
432 2909 624 2989 μαντεύονται·
646 2907 729 2969 ε’πεαὶν
741 2906 794 2983 την
808 2906 931 2985 φιλύρην

130 3001 215 3081 τρίχα
232 3004 331 3082 σχίσῃ,
350 2999 506 3060 διαπλέκων
526 3003 556 3058 ἐν
574 3000 651 3059 τοῖσι
671 2994 835 3055 δακτύλοισι
854 2997 932 3055 τοῖσι

132 3091 233 3149 ἐωυταῦ
246 3091 292 3149 καὶ
305 3086 424 3148 διαλύων
435 3090 502 3165 χρᾷ·
519 3085 625 3147 Ἐπεαὶν
637 3084 668 3145 δέ
679 3081 819 3161 βασιλεῦς
833 3082 849 3143 ὁ
863 3084 931 3148 Σκυ·
942 3081 980 3143 68

132 3174 202 3237 θέων
219 3176 304 3257 κάμῃ,
316 3174 527 3253 μεταπέμπεται
544 3177 598 3233 τῶν
616 3173 736 3249 μαντίων
749 3169 849 3249 ἄνδρας
861 3175 934 3249 τρεῖς

132 3261 197 3322 τοῦς
214 3262 422 3331 εὐδοκιμέοντας
439 3258 575 3335 μάλιστα,
592 3259 619 3318 αἲ
638 3258 732 3339 τρόπω
747 3262 786 3336 τῷ
803 3257 935 3335 εἰρημένω
