2150 3500
110 129 255 193 ιιι-ιω]
433 129 596 178 ουςονοιι.
872 129 919 180 189

112 210 185 269 εἶναι
211 206 403 283 σοφωτάτουςΙ
441 206 623 271 συνελθόντες
649 206 681 266 δὲ
707 210 735 267 οἱ
761 208 918 291 Αἰμίπτιοι,

110 296 301 357 ἐπυνθάνοντο
313 299 369 355 τῶν
377 295 499 356 Ἠλείων
511 293 651 375 λεγόντων
664 292 775 355 ἅπαντα
786 297 823 356 τά
836 298 918 376 κατή-

111 410 156 443 κει
166 384 264 458 σφέας
276 382 380 443 ποιέειν
393 384 457 460 περὶ
472 380 523 443 τάν
536 381 639 463 ἀγῶνα·
660 380 876 463 ἀπηγησάμενοι
889 387 919 446 δὲ

109 472 149 533 τοὶ
161 470 262 541 πάντα,
277 471 389 547 ἔφασαν
401 469 479 546 ἥκειν
496 468 736 546 ἐπιμαθησόμενοι
750 471 775 529 εί
786 498 814 531 τι
828 474 918 553 ἔχοιεν

110 558 264 640 Αἰγύπτιοι
276 556 380 620 τούτων
394 557 565 635 δικαιότερον
578 558 749 635 ἐπεξευρεῖν;
766 562 793 619 οἶ
806 560 836 619 δὲ
848 562 918 638 βου-

108 646 290 724 λευσάμενοι,
326 645 479 723 ἐπειρώτων
511 644 577 709 τοδς
602 643 732 709 Ἠλείους
757 647 784 707 εἴ
808 654 864 724 σφι
890 652 918 711 οἱ

109 738 248 809 πολιῆται
269 735 495 816 έναγωνίζονταις
520 737 548 794 οἱ
568 733 599 793 δὲ
619 733 730 809 ἔφασαν
751 735 797 794 καὶ
819 738 917 812 σφέων

110 822 159 881 καὶ
184 827 240 883 τῶν
266 821 362 881 ἄλλων
388 821 534 898 Ἑλλήνων
560 820 661 897 ὁμοίως
686 824 726 899 τῷ
750 824 917 906 βουλομένῳ

108 910 213 980 ἐξεῖναι
225 908 419 991 ἀγωνίζεσθαι.
454 912 481 969 οἱ
494 909 524 969 δὲ
537 907 687 989 Αἰγύπτιοι
700 910 811 984 ἔφασαν
823 914 917 987 σφέας

112 996 186 1057 οὕτω
218 998 344 1061 τιθέντας
369 996 474 1061 παντός
499 999 550 1057 τοῦ
578 996 685 1055 δικαίου
717 996 915 1075 ἡμαρτηκέναι·

109 1084 242 1162 οὐδεμίαν
254 1084 310 1165 γάρ
325 1084 395 1145 εἶναι
407 1084 537 1163 μηχανὴν
550 1082 620 1147 ὅκως
632 1082 666 1142 οὗ
678 1088 717 1163 τῷ
729 1084 807 1163 ἀστῷ
819 1086 915 1168 ἀγωνι-

109 1173 218 1251 ζομένῳ
237 1172 460 1249 προσθήσονται,
480 1170 635 1234 ἀδικέοντες
654 1170 705 1231 τάν
725 1172 823 1241 ξεῖνον·
848 1174 914 1234 ἀλλ’

110 1264 136 1320 εἰ
151 1258 186 1335 δὴ
201 1260 358 1336 βούλονται
378 1260 487 1323 δικαίως
505 1259 620 1329 τιθέναι,
638 1257 685 1317 καὶ
703 1258 804 1318 τούτου
826 1262 915 1322 εἵνεκα

109 1346 258 1407 ἀπικοίατο
285 1352 313 1411 ἐς
339 1347 490 1429 Αἴγυπτον,
515 1346 632 1417 ξείνοισι
657 1344 833 1427 ἀγωνιστῇσι
859 1350 914 1408 ἐκέ-

108 1438 195 1495 λευον
213 1435 265 1495 τάν
284 1434 378 1517 ἀγῶνα
397 1436 511 1506 τιθέναι,
531 1434 652 1494 Ἠλείων
674 1433 706 1492 δὲ
727 1434 825 1510 μηδενὶ
842 1435 912 1496 εἶναι

110 1521 306 1603 ἀγωνίζεσθαι.
346 1525 435 1583 ταῦτα
454 1525 506 1600 μὲν
519 1522 668 1604 Αἰγύπτιοι
687 1521 830 1584 Ἠλείοισι
849 1521 913 1584 ἀπε-

113 1608 243 1686 θήκαντο.

152 1698 283 1777 Ψάμμιος
295 1698 326 1759 δὲ
340 1698 371 1770 ἐξ
383 1698 445 1759 ἔτεα
457 1701 562 1776 μοῦνον
571 1698 800 1777 βασιλεύσαντος
809 1701 892 1783 Αἶγί·
903 1702 958 1763 161

108 1793 195 1857 πτου,Ι
215 1787 262 1846 καὶ
284 1787 529 1865 στρατευσαμένου
552 1791 580 1851 ἐς
606 1789 763 1866 Αἰθιοπίην,
792 1790 838 1848 καὶ
864 1815 912 1868 με·

108 1876 226 1936 ταυτίκα
232 1874 460 1950 τελευτήσαντος,
471 1875 613 1945 ἐξεδέξατο
620 1875 738 1953 Ἀπρίης
748 1876 912 1955 ὁΨάμμιος·

109 1961 143 2026 ὃς
154 1961 226 2039 μετά
242 1963 422 2041 Ψαμμίτιχον
436 1961 487 2022 τάν
503 1965 604 2022 ἑωυτοῦ
620 1962 786 2040 προπάτορα
802 1965 911 2045 ἐγένετο

109 2049 359 2127 εὐδαιμονέστατος
376 2053 433 2110 τῶν
452 2048 589 2126 πρότερον
611 2049 766 2126 βασιλέων,
788 2051 831 2111 ἐπ’
852 2054 914 2112 έτεα

108 2139 193 2198 πέντε
216 2138 263 2198 καὶ
286 2139 375 2199 εἴκοσι
402 2135 497 2214 ἄρξας·
531 2142 562 2196 ἐν
583 2141 661 2195 τοῖσι
683 2136 732 2194 ἐπί
750 2161 781 2196 τε
804 2138 913 2202 Σιδῶνα

109 2224 234 2303 στρατόν
247 2224 340 2302 ἤλασε
356 2225 404 2285 καὶ
422 2223 602 2302 ἐναυμάχησε
618 2227 657 2301 τῷ
669 2222 769 2303 Τυρίῳ.
811 2225 870 2283 ἐπεὶ
882 2226 914 2286 δέ

110 2317 138 2374 οἶ
151 2313 208 2374 έδεε
224 2318 313 2377 κακῶς
325 2313 466 2395 γενέσθαι,
483 2313 592 2392 ἐγένετο
608 2309 664 2371 ἀπό
682 2310 846 2389 προφάσιος
860 2313 912 2388 τὴν

109 2402 165 2484 ἐγω
183 2401 304 2478 μεζόνως
323 2404 375 2478 μὲν
392 2405 422 2460 ἐν
440 2403 517 2460 τοῖσι
532 2401 687 2475 Λιβυκοῖσι
706 2399 822 2481 λόγοισι
842 2399 912 2478 ἀπη-

108 2489 245 2571 γήσομαι,
273 2489 389 2567 μετρίως
415 2487 438 2547 δ’
459 2493 489 2548 έν
508 2491 548 2567 τῷ
566 2489 707 2566 παρεόντι·
742 2488 913 2568 ἀποπέμψας

108 2577 166 2660 γάρ
182 2577 345 2655 στράτευμα
360 2576 376 2637 ὁ
392 2575 509 2653 Ἀπρίης
527 2577 574 2635 ἐπὶ
587 2578 769 2654 Κυρηναίους,
784 2583 912 2660 μεγαλω-

109 2666 159 2726 στὶ
180 2666 386 2744 προσέπταισε.
428 2663 576 2744 Αἰγύπτιοι
595 2664 625 2727 δὲ
647 2670 734 2725 ταῦτα
755 2665 912 2744 ἐπιμεμφό-

107 2779 197 2831 μενοι,
207 2753 373 2829 ἀπέστησαν
383 2750 429 2812 ἀπ’
441 2749 534 2822 αὐτοῦ,
544 2751 684 2816 δοκέοντες
693 2752 743 2812 τάν
752 2751 871 2830 Ἀπρίην
881 2759 912 2813 ἐκ

108 2843 240 2920 προνοίης
264 2838 365 2904 αὐτοῦς
391 2838 559 2917 ἀποπέμψαι
579 2843 607 2902 ές
627 2839 798 2916 φαινόμενον
818 2839 911 2912 κακδν,

109 2930 156 2990 ἵνα
168 2929 203 3007 δὴ
220 2931 318 3006 σφέων
336 2926 431 3006 φθορὴ
451 2928 566 3009 γένηται
579 2924 662 2989 αὗτδς
681 2925 712 2985 δὲ
729 2929 785 2986 τῶν
804 2931 912 2989 λοιπῶν

107 3018 268 3099 Αἰγυπτίων
295 3015 516 3093 ἀσφαλέστερον
542 3012 625 3093 ἀρχη·
666 3017 755 3074 ταῦτα
781 3014 811 3074 δὲ
838 3015 913 3075 δεινά

107 3105 269 3181 ποιεύμενοι
288 3103 370 3164 αὐτοί
382 3129 414 3164 τε
430 3105 457 3163 οἱ
477 3100 724 3177 ἀπονοστήσαντες
743 3101 790 3159 καὶ
810 3104 838 3160 οἶ
856 3105 912 3161 τῶν

108 3192 293 3268 ἀπολομένων
307 3192 397 3266 φίλοι,
411 3190 578 3265 ἀπέστησαν
591 3193 622 3246 ἐκ
634 3191 685 3264 τῆς
698 3188 793 3264 ἰθείης.
832 3194 890 3247 Πυ-
902 3191 959 3249 162

108 3279 228 3356 θόμενος
247 3279 277 3340 δὲ
293 3277 411 3358 Ἀπρίης
429 3281 524 3346 ταῦτα,
538 3275 643 3353 πέμπει
657 3274 699 3335 ἐπ’
713 3275 911 3370 αὐτοδςἈμα·
