2150 3500
172 99 221 149 ιιι
478 96 662 147 Ἧυοιουου
908 94 976 160 [m

174 177 246 255 δρῶν
260 179 316 239 τοῖν
329 176 445 255 πράτων
461 177 633 255 Περίανδρος
650 176 666 236 6
680 177 818 255 Κυψέλου
832 180 863 240 ἐς
875 175 979 253 Σάρδις

173 265 321 343 ἀπέπεμψε
340 291 417 342 παρα
408 264 611 324 Ἀλυάττεα’
598 291 633 323 επ
654 270 768 343 ἐκτομῇ·
789 265 979 345 προσχάντων

174 353 203 413 δὲ
216 358 243 416 ἐς
257 354 307 429 τὴν
317 352 459 430 Σομον
421 379 476 415 των
485 379 609 434 αγοντων
615 379 681 416 τους
693 354 795 417 παῖδας
808 355 977 431 Κορινθίων,

174 439 371 515 πυθόμενοι
345 465 372 499 οι
393 439 545 515 Σάμιοι
512 465 563 499 τον
582 439 725 520 λύγον”
683 467 718 500 επ
739 440 799 501 οἶσι
818 440 939 522 άγοίατο
952 446 979 503 ἐς

175 527 282 605 Σάρδις,
296 530 393 603 πρῶτα
410 530 462 604 μέν
479 527 545 590 τούς
559 527 661 591 παῖδας
678 527 807 597 ἐδίδαξαν
826 532 891 605 ἱροῦ
906 528 978 607 ἅψα-

173 616 243 675 σθαι
262 614 432 692 Ἀρτέμιδος,
446 614 518 691 μετά
535 614 574 686 δέ,
587 614 620 674 ού
636 616 829 693 περιορέοντες
841 615 979 675 ἀπέλκειν

173 702 239 765 τούς
253 704 342 765 ἱκέτας
356 707 386 761 ἐκ
399 706 449 762 τοῦ
464 706 531 780 ἶροῦ,
541 703 637 763 σιτίων
644 703 674 762 δέ
687 702 752 767 τούς
764 703 869 767 παῖδας
883 703 979 784 ἐργάν-

137 786 148 803 ”
172 816 228 850 των
247 790 410 866 Κορινθίων,
425 789 593 865 ἐποιήσαντο
609 793 636 850 οἱ
655 790 757 867 Σάμιοι
772 789 861 868 ὄρτην
879 795 917 869 τῇ
933 792 980 849 καὶ

175 882 223 938 νῦν
236 879 276 937 ἐτι
288 878 424 955 χρέωνται
436 878 507 938 κατά
518 877 615 938 ταύτά·
635 878 733 943 νυκτδς
744 878 800 959 γάρ
814 880 978 961 ἐπιγενομέ-

175 991 231 1041 νης,
248 964 318 1025 ὅσον
330 965 432 1044 χρόνον
451 966 573 1026 ἱκέτευον
586 969 613 1026 οἱ
625 968 721 1031 παῖδες
734 966 860 1027 ἵστασαν
873 967 979 1047 χορούς

174 1054 317 1131 παρθένων
338 1078 369 1112 τε
391 1054 436 1112 καὶ
456 1054 564 1129 ἠϊθέων,
587 1055 712 1119 ἱστάντες
731 1054 771 1126 δέ,
786 1055 854 1119 τούς
873 1054 979 1135 χορούς

172 1143 280 1218 τρωκτά
300 1140 434 1219 σησάμου
453 1168 485 1202 τε
506 1144 553 1201 καὶ
571 1144 686 1221 μέλιτος
703 1142 879 1219 ἐποιήσαντο
888 1144 979 1220 νόμον

174 1231 320 1307 φέρεσθαι,
335 1231 379 1290 ἵνα
395 1230 564 1309 ἁρπάζοντες
576 1235 605 1292 οἱ
616 1235 671 1292 τῶν
683 1232 864 1311 Κερκυραίων
879 1233 979 1295 παῖδες

175 1319 264 1397 ἔχοιεν
283 1318 401 1398 τροφήν.
443 1324 471 1381 ἐς
490 1322 574 1379 τοῦτο
594 1318 708 1380 δὲτάδε
728 1320 842 1401 ἐγίνετο,
860 1324 891 1383 ἐς
910 1320 930 1380 ὃ
951 1324 978 1381 οἶ

175 1408 328 1483 Κορίνθιοι,
344 1410 400 1466 τῶν
420 1406 525 1467 παίδων
546 1410 573 1466 οἶ
593 1407 726 1483 φύλακοι,
743 1408 856 1486 οἴχοντο
874 1407 977 1469 άπολι-
1041 1434 1044 1437 ’

174 1494 281 1564 πάντες,
301 1492 367 1557 πούς
389 1494 420 1553 δέ
439 1494 540 1557 παῖδας
559 1493 708 1577 ἀπήγαγον
727 1500 756 1559 ἐς
777 1496 929 1573 Κέρκυραν
950 1500 979 1556 οἶ

127 1582 164 1640 49
176 1580 286 1657 Σάμιοι.
314 1584 351 1640 Εἰ
363 1578 415 1658 μέν
425 1608 473 1642 νυν
486 1580 659 1659 Περιάνδρου
667 1582 888 1659 τελευτήσαντος
896 1588 979 1644 τοῖσι

149 1725 153 1731 .
175 1668 352 1745 Κορινθίοισι
364 1669 437 1745 φίλα
449 1668 485 1746 ἦν
497 1670 641 1748 πρδςτούς
650 1672 844 1750 Κερκυραίους,
855 1672 914 1731 οἶδε
924 1671 978 1731 οὔκ

175 1754 209 1815 ἂν
229 1755 422 1833 συνελάβοντο
441 1763 492 1818 τοῦ
512 1759 721 1837 στρατεύματος
739 1758 789 1821 τοῦ
809 1761 856 1820 ἐπὶ
876 1757 978 1837 Σάμον

174 1843 275 1920 ταύτης
292 1845 392 1905 εἵνεκεν
408 1849 459 1921 τῆς
475 1847 575 1922 αἰτίης·
594 1851 644 1908 νῦν
661 1848 692 1908 δέ
706 1847 768 1919 αἰεὶ,
782 1848 845 1907 ἐπεί
859 1873 892 1908 τε
903 1849 976 1908 ἔκτι·

175 1957 231 1992 σαν
242 1931 295 2010 τήν
306 1937 401 2010 νῆσον,
416 1935 471 1993 εἶσὶ
483 1933 642 2010 α’λλήλοισι
660 1932 791 2013 διάφοροι
807 1935 897 2000 ἐόντες
910 1939 977 1998 ἐωυ·

176 2025 253 2081 τοῖσι
272 2021 377 2082 τούτων
396 2021 433 2083 ὧν
449 2022 551 2083 εἵνεκεν
569 2021 810 2100 ἀπεμνησικάκεον
824 2028 903 2084 τοῖσι
919 2027 976 2091 Σο·

174 2109 267 2186 μίοισι
288 2113 315 2170 οἶ
338 2111 492 2188 Κορίνθιοι.
532 2109 681 2188 ἀπέπεμπε
703 2111 734 2170 δέ
756 2116 785 2175 ἐς
806 2110 908 2188 Σάρδις
932 2112 976 2172 ἐπ’

176 2201 279 2276 ἐκτομῇ
301 2197 472 2275 Περίανδρος
493 2201 549 2259 τῶν
570 2199 685 2275 πρώτων
710 2201 890 2277 Κερκυραίων
915 2205 976 2261 ἐπι·

175 2285 258 2354 λέξας
277 2285 342 2348 πούς
360 2286 469 2356 παῖδας,
489 2285 698 2363 τιμωρεύμενος·
721 2286 853 2363 πρύτεροι
871 2287 929 2369 γάρ
948 2292 976 2349 οἶ

176 2376 343 2449 Κερκυραῖοι
355 2372 444 2449 ἦρξαν
456 2379 483 2436 ἐς
497 2373 582 2433 αὐτόν
591 2378 709 2453 πρῆγμα
721 2373 887 2434 ἀτάσθαλον
893 2376 974 2454 ποιή-

127 2460 166 2518 50
176 2484 284 2521 σαντες.
316 2457 399 2518 Ἐπεί
408 2486 439 2519 τε
451 2459 507 2542 γάρ
516 2460 569 2538 τήν
579 2465 680 2522 ἐωυτοΰ
691 2466 808 2543 γυναῖκα
817 2463 976 2524 Μέλισσαν

176 2545 346 2622 Περίανδρος
366 2545 515 2618 ἀπέκτεινε,
533 2549 686 2628 συμφορήν
705 2548 813 2624 τοιήνδε
833 2553 860 2610 οἶ
880 2549 976 2629 άλλην

176 2634 284 2710 συνέβη
297 2633 368 2711 πρδς
382 2639 418 2713 τῇ
430 2632 571 2716 γεγονυίη
580 2637 722 2717 γενέσθαι·
742 2635 818 2713 ἦσάν
829 2640 856 2696 οἱ
870 2643 901 2696 ἐκ
913 2644 975 2698 Με·

175 2721 282 2798 λίσσης
300 2722 349 2782 δύο
366 2723 470 2794 παῖδες,
483 2722 596 2800 ἡλικίην
612 2723 629 2784 ο“
644 2728 697 2802 μὲν
715 2725 897 2784 ἑπτακαίδεκα
913 2725 931 2787 6
946 2727 976 2787 δέ
1052 2742 1054 2745 ’

176 2808 359 2870 ὀκτωκαίδεκα
383 2811 445 2870 ἐτεα
464 2811 594 2892 γεγονώς·
619 2811 734 2875 τούτους
753 2812 770 2872 6
786 2812 976 2894 μητροπάτωρ

177 2898 361 3004 Πρηκλῆς’
328 2925 379 2958 εων
393 2896 612 2974 Ἐπιδαύρου’
577 2922 710 2975 τυραννος
721 2900 976 2978 μεταπεμψάμενος

176 2979 241 3056 παρ’
262 2983 361 3043 ἐωυτδν
381 2984 652 3060 ἐφιλοφρονέετο,
631 3010 667 3048 ως
687 2986 758 3048 εἶκος
779 2986 816 3061 ἦν
835 2987 977 3099 θυγατρὸς

176 3065 271 3128 ἐόντας
282 3072 333 3142 τῆς
346 3072 445 3127 ἐωυτου
433 3068 603 3131 παῖδας·’
589 3071 653 3129 επεί
661 3096 693 3129 τε
706 3072 739 3130 δέ
750 3072 867 3149 σφεας
849 3074 977 3152 απεπεμ

175 3173 252 3222 πετο,
267 3152 328 3211 ειπε
340 3155 511 3262 προπέμπων
525 3154 634 3217 αὐτούς
654 3156 736 3234 (ἀρα
748 3159 820 3229 ἴστε,
833 3186 855 3218 ω
841 3157 975 3232 ’παῖδες,

175 3256 207 3293 ος
225 3233 315 3308 ιῗμέων
331 3239 384 3311 τὴν
399 3239 506 3314 μητερα
520 3237 696 3311 άπέκτεινε;”
717 3248 801 3306 τοῦτο
819 3270 853 3305 το
844 3244 975 3312 ἔπος
958 3275 975 3309 ο
