2150 3500
95 144 209 210 ιτ-ιο]
416 143 582 196 mmm.
854 147 902 198 ιιι

98 223 212 294 αἰδοῖον,
230 221 277 283 καὶ
295 222 377 284 κινέει
393 227 498 301 μοῦνον
512 227 564 284 τοῦ
581 221 720 301 πόματος,
737 223 799 285 ἔστι
816 224 904 307 λόγος

98 312 162 389 περὶ
176 311 262 372 αύτοῦ
276 310 334 387 ἱρός
347 309 508 393 λεγόμενος.
537 310 616 388 Ἤδη
630 311 667 372 ὧν
680 311 769 371 δοκέει
781 337 831 389 μοι
843 319 902 372 Με·
911 315 949 376 49

97 397 229 476 λάμπους
242 398 259 459 ό
270 397 444 475 Ἀμυθέωνος
461 402 512 475 τῆς
529 399 630 476 θυσίης
645 399 747 476 ταύτης
762 399 812 459 οῦκ
833 400 903 461 εἶναι

97 485 194 562 ἇδαής,
208 485 275 546 ἀλλ’
289 487 429 565 ἔμπειρος.
464 484 594 564 Ἕλλησι
606 486 662 569 γάρ
676 487 711 563 δή
726 486 903 566 Μελάμπους
968 530 972 538 -

98 574 162 634 ε’στὶ
175 573 191 635 ὅ
205 574 413 656 ἐξηγησάμενος
425 578 477 636 τοῦ
490 574 631 636 Διονύσου
644 574 679 636 τό
690 601 721 636 τε
735 574 842 652 οὔνομα
855 578 902 637 καὶ

95 661 151 737 τὴν
164 662 265 739 θυσίην
278 663 324 722 καὶ
336 661 388 739 τήν
403 661 521 739 πομπῆν
537 666 589 724 τοῦ
602 666 726 739 φαλλοῦ.
769 662 902 742 ἀτρεκέως
952 665 957 674 “

96 748 205 826 μὲνού
230 747 324 811 πάντα
343 750 503 828 ουλλαβιῦν
524 749 575 812 τόν
596 749 684 832 λόγον
705 752 801 831 ἔφηνε·
834 751 901 814 ἀλλ’

97 839 126 897 οἱ
144 836 335 919 ἐπιγενόμενοι
352 836 442 918 τούτῳ
455 838 596 914 σοφισταὶ
613 838 734 914 μεζόνως
752 839 899 920 ἐξέφηναν·

95 924 148 985 τόν
160 925 184 984 δ’
198 923 236 985 ὧν
249 924 366 1002 φαλλόν
377 925 429 986 τόν
444 929 484 1006 τῷ
496 924 627 1007 Διονύσῳ
643 926 825 1004 πεμπόμενον
842 934 901 988 Με·

95 1012 228 1091 λόμπους
250 1014 313 1074 ε’στὶ
336 1013 352 1074 ό
377 1014 617 1095 κατηγησάμενος·
652 1016 699 1074 καὶ
722 1014 779 1076 α’πό
799 1014 901 1077 τούτου

93 1099 236 1178 μαθόντες
257 1104 371 1162 ποιεῦσι
392 1101 429 1162 τά
451 1105 565 1172 ποιεῦσι
583 1101 733 1179 Ἕλληνες.
773 1103 827 1184 ε’γῦ
849 1105 902 1182 μέν

94 1188 146 1250 νύν
159 1194 234 1267 φημι
249 1187 430 1267 Μελάμποδα
444 1189 595 1271 γενόμενον
610 1188 697 1266 ἄνδρα
715 1190 818 1265 σοφόν,
831 1217 899 1269 μαν-

93 1275 177 1353 τικήν
193 1302 225 1340 τι
235 1279 324 1357 ἑωυτῷ
339 1281 495 1353 συστῆσαι,
510 1278 557 1336 καὶ
577 1277 735 1353 πυθόμενον
751 1276 799 1336 ἀπ’
816 1279 901 1360 Αῖγύ·

93 1357 170 1427 πτου
185 1365 263 1426 όλλιι
279 1391 312 1426 τε
329 1364 428 1426 πολλὰ
444 1363 647 1447 ἐσηγήσασθαι
661 1364 790 1440 Ἕλλησι
808 1366 854 1425 καὶ
866 1365 904 1428 τοὶ

93 1454 163 1531 περὶ
174 1453 226 1515 τόν
245 1453 392 1524 Διόνυσον,
406 1451 493 1535 ὀλίγα
508 1451 599 1515 αὐτῶν
617 1451 847 1534 παραλλάξαντα·
869 1451 902 1514 ού

93 1542 155 1624 γάρ
164 1541 199 1620 δὴ
209 1543 381 1619 συμπεσέειν
393 1567 427 1622 γε
437 1540 523 1617 φήσω
534 1540 571 1601 τά
583 1566 614 1601 τε
628 1545 657 1602 ἐν
666 1540 797 1623 Αίγύπτιρ
810 1540 903 1602 ποιεύ-

93 1656 169 1709 μενα
188 1634 227 1710 τῷ
247 1631 301 1710 θειξ
320 1630 367 1690 καὶ
386 1628 422 1691 τά
439 1634 469 1690 ἔν
488 1631 567 1691 τοῖσι
581 1627 720 1706 Ἕλλησι·
753 1627 902 1707 ὁμότροπα

93 1717 153 1801 γάρ
170 1717 204 1781 ἂν
217 1717 254 1796 ἧν
270 1721 347 1780 τοῖσι
361 1716 499 1795 Ἕλλησι,
513 1718 560 1777 καὶ
578 1715 611 1778 ού
629 1715 730 1779 νεωστὶ
750 1717 902 1800 ε’παγμένα.

97 1810 134 1869 οὐ
151 1808 209 1885 μήν
228 1805 292 1868 οῦδὲ
312 1806 397 1884 φήσω
417 1806 487 1871 ὅκως
499 1806 650 1889 Αἰγύπτιοι
668 1804 735 1885 παρ’
754 1806 901 1884 Ἑλλήνων

94 1895 206 1973 ἔλαβον
218 1894 237 1972 ἢ
249 1898 334 1957 τοῦτο
346 1893 365 1970 ἢ
378 1892 454 1954 άλλο
467 1893 518 1955 κού
530 1919 559 1954 τι
572 1894 697 1973 νόμαιον·
718 1895 859 1956 πυθέσθαι
871 1895 903 1955 δέ

94 2008 148 2060 μοι
157 1984 245 2043 δοκέει
257 1982 386 2060 μολιστα
395 1981 572 2060 Μελάμπους
581 1982 617 2045 τά
627 1983 691 2060 περὶ
700 1981 751 2043 τάν
761 1981 902 2044 Διόνυσον

95 2072 177 2149 παρὰ
193 2070 312 2148 Κάδμου
328 2096 361 2131 τε
376 2073 428 2132 τοῦ
447 2071 558 2147 Τυρίου,
573 2069 619 2130 καὶ
636 2073 693 2129 τῶν
714 2068 768 2131 σῦν
784 2068 859 2149 αύτῷ
871 2074 903 2130 ἔκ

95 2160 227 2235 Φοινίκης
244 2158 419 2238 ἀπικομένων
431 2162 459 2222 ἐς
477 2157 530 2235 τἦν
546 2160 595 2218 νῦν
613 2156 749 2233 Βοιωτίην
766 2157 902 2235 καλεομέ-

94 2272 149 2325 mv
160 2246 264 2327 κόνιν·

139 2335 247 2414 Σχεδδν
263 2334 357 2395 δὲκαὶ
376 2333 469 2395 πάντα
487 2330 524 2394 τά
545 2330 687 2411 ούνόματα
705 2334 760 2394 τιῦν
781 2332 851 2393 θεῶν
871 2333 949 2404 ἒξδθ

95 2423 243 2505 Αἰγύπτου
259 2422 380 2499 ἐλήλυθε
397 2427 425 2487 ές
438 2421 492 2498 τήν
503 2420 642 2483 Ἑλλάδα.
683 2421 755 2483 διότι
774 2423 826 2499 μὲν
844 2420 901 2504 γάρ

96 2515 129 2571 ἐκ
141 2515 197 2572 τιῦν
214 2510 372 2588 βαρβάρων
388 2509 457 2586 ἥκει,
471 2507 677 2587 πυνθανόμενος
694 2510 765 2571 οὕτω
784 2509 902 2587 εῦρίσκω

97 2596 154 2659 ἐόν·
182 2599 267 2660 δοκέω
287 2598 310 2658 δ
331 2597 369 2659 ὧν
388 2597 517 2675 μάλιστα
537 2596 587 2657 ἀπ’
608 2596 752 2679 Αἰγύπτου
772 2596 901 2678 ἀπῖχθαι.

96 2685 142 2747 ὅτι
153 2686 210 2768 γάρ
223 2685 258 2763 δη
270 2686 312 2763 μὴ
326 2686 518 2749 Ποσειδέωνος
535 2684 583 2745 καὶ
597 2684 787 2763 Διοσκούρων,
805 2685 840 2749 ιύς
856 2685 902 2745 καὶ

96 2774 236 2853 πρότερόν
251 2800 302 2852 μοι
316 2778 405 2835 ταῦτα
425 2774 539 2851 εἴρηται,
557 2774 603 2833 καὶ
610 2772 711 2850 Ἤρης,
726 2774 772 2833 καὶ
786 2770 900 2848 Ἱστίης,

96 2863 146 2923 καὶ
160 2864 271 2939 Θέμιος,
285 2861 332 2921 καὶ
351 2860 489 2941 Χαρίτων,
506 2861 553 2920 καὶ
566 2860 722 2937 Νηρηΐδων,
734 2862 790 2919 τῶν
806 2857 902 2920 ἄλλων

97 2952 170 3012 θειῦν
182 2950 364 3032 Αἰγυπτίοισι
379 2951 435 3010 αἰεί
454 2974 518 3009 κοτε
534 2948 572 3008 τοὶ
589 2944 730 3023 οὐνόματά
746 2950 809 3005 ἔστι
825 2949 854 3005 ἔν
865 2948 902 3025 τη*

96 3038 182 3119 χιόρῃ.
225 3040 300 3121 λέγω
316 3039 346 3098 δὲ
361 3037 398 3099 τό
415 3037 534 3118 λέγουσι
553 3034 633 3095 αύτοὶ
649 3031 808 3114 Αἰγύπτιοι.
848 3036 903 3093 τῶν

97 3127 129 3187 δὲ
144 3126 178 3187 οῦ
198 3133 273 3203 φασι
294 3126 364 3187 θειῦν
386 3123 534 3205 γινιόσκειν
553 3122 590 3183 τοῖ
610 3119 759 3197 οὐνόματα,
776 3117 853 3179 οὗτοι
873 3118 905 3178 δέ

97 3238 149 3292 μοι
171 3213 302 3275 δοκέουσι
324 3211 380 3275 ύπδ
407 3214 570 3291 Πελασγῶν
596 3207 800 3286 ὀνομασθῆναι,
826 3205 904 3281 πλὴν

99 3301 303 3365 Ποσειδέωνος.
342 3303 443 3361 τοῦτον
468 3298 499 3357 δὲ
520 3296 572 3357 τόν
597 3295 662 3357 θεόν
687 3293 763 3367 παρὰ
790 3291 905 3371 Λιβύων
