2150 3500
186 117 219 165 eo
488 115 674 167 ανοιουου
956 112 994 178 [L
1058 102 1060 197 γ

185 199 299 257 σκοπῶν
311 195 381 260 ὅκως
393 197 444 257 σοί
453 222 485 258 τε
498 194 611 271 ποιήσω
623 192 694 256 κατοὶ
705 193 779 266 νόον,
792 193 840 253 καὶ
838 191 997 302 ἐγωπρὸς
1058 200 1060 273 ξ

186 285 221 343 σέ
231 282 377 363 γινόμενος
389 281 590 361 ἀναμάρτητος,
602 281 675 360 μήτε
687 281 853 363 θυγατρὶ”
815 306 852 360 τῃ
865 285 907 359 σή
918 280 996 358 μήτε
1058 282 1060 335 ἱ

185 368 258 448 αύτῷ
270 393 319 429 σοι
331 370 390 446 ε’ίην
402 369 544 447 αὐθέντης.
584 370 669 428 ποιέω
682 369 716 445 δή
729 367 790 428 ὧδε·
804 368 931 431 καλέσας
943 368 995 428 τόν
1058 410 1060 427 .

185 454 329 534 βουκόλον
343 456 431 529 τόνδε,
447 457 623 534 παραδιδωμι
638 455 673 516 τό
696 457 815 527 παιδίον,
829 455 887 530 φᾶς
904 456 995 532 σέιτε

186 543 312 605 εἴναιτδν
320 543 469 606 κελεύοντα
477 542 993 623 οἷποκτεῖναιαύτὸ-καὶλέγωντοῦτύ
1058 534 1060 589 3

185 657 220 713 γε
238 629 288 692 ούκ
307 631 472 710 ἐψευδόμην·
492 631 530 693 σύ
548 631 605 713 γάρ
623 632 768 693 ἐνετέλλεο
788 629 993 708 οὕτωψ-παριι-
1058 637 1060 640 ’

186 719 284 796 δίδωμι
300 719 397 796 μέντοι
415 719 484 799 τιζδε
504 719 575 778 κατοὶ
593 718 668 790 τάδε,
688 717 881 794 ἐντειλάμενος
901 719 995 778 θεῖναί

185 832 235 884 μιν
245 811 272 870 ἐς
283 810 386 884 ἐρῆμον
396 805 478 883 οὖρος
489 807 535 866 καὶ
545 807 741 883 παραμένοντα
750 804 915 880 φυλάσσειν
922 804 993 884 άχρι

186 891 219 954 οὗ
235 893 407 970 τελευτήσει,
424 892 583 969 ἀπειλήσας
597 897 718 954 παντοῖα
731 893 800 972 τῷδε
816 891 852 970 ἢν
866 892 908 970 μή
923 894 992 954 τάδε

186 981 315 1042 ἐπιτελέα
334 971 452 1060 ποιήσῃ·
473 981 582 1041 ἐπείτε
597 981 628 1041 δέ
644 979 816 1057 ποιήσαντος
832 979 934 1040 τούτου
953 979 992 1042 τά
1058 974 1060 983 ’

186 1067 354 1144 κελευόμενα
372 1067 536 1145 ἐτελεύτησε
556 1067 589 1131 τὸ
608 1069 728 1140 παιδίον,
745 1068 860 1146 πέμψας
874 1073 931 1128 τῶν
947 1069 991 1129 εύ-

185 1153 291 1234 νούχων
307 1155 372 1220 ποῦς
389 1156 584 1228 πιστοτάτους,
602 1157 649 1216 καὶ
667 1155 741 1216 εἶδον
760 1155 794 1215 δι’
812 1157 927 1223 ἐκείνων,
941 1159 991 1218 καὶ
1058 1183 1060 1204 ι

187 1241 278 1321 έθαψοί
290 1267 348 1320 μιν.
389 1243 473 1307 οὕτως
487 1245 563 1322 ἐσχε,
578 1270 600 1303 ω
584 1243 747 1321 ’βασιλετλ
760 1245 825 1321 περὶ
836 1243 990 1325 τουπρήγ-

147 1356 273 1408 ματος
284 1330 393 1392 τούτου·
414 1332 461 1391 καὶ
473 1331 589 1410 τοιούτῳ
601 1331 679 1412 μόρω
692 1331 834 1411 ἐχρήσατο
846 1331 864 1392 ὁ
867 1330 970 1394 παῖς.”

140 1418 197 1480 118
221 1417 412 1500 Αρπαγος
378 1443 430 1495 μεν
444 1416 523 1527 δή
488 1444 540 1479 τον
553 1393 614 1480 ἰθύν
626 1421 723 1496 ἐφαινε
735 1418 832 1501 λόγον.
868 1417 989 1480 Ἀστυά-

185 1531 238 1587 γης
254 1507 285 1566 δέ
300 1505 426 1584 κρύπτων
440 1505 490 1566 τόν
503 1509 531 1566 οἱ
545 1508 646 1585 ἐνείχεε
658 1507 748 1586 χόλον
761 1505 850 1566 δια
817 1533 850 1569 το
863 1533 989 1588 γεγονος,
1058 1554 1060 1557 -

184 1597 283 1670 πρῶτα
291 1596 351 1670 μέν,
360 1591 482 1670 κατάπερ
492 1591 598 1669 ἤκουσε
607 1593 690 1657 αύτδς
698 1592 770 1671 πρός
780 1599 831 1655 τοῦ
843 1592 990 1671 βουκόλου

187 1679 221 1740 τδ
238 1683 365 1762 πρῆγμα,
383 1678 471 1739 πάλιν
488 1678 627 1762 ἀπηγέετο
642 1684 681 1760 τῷ
694 1680 837 1763 Ἁρπάγῳ·
857 1680 930 1758 μετὰ
948 1681 988 1754 δὲ,
1058 1756 1060 1760 ‚

186 1766 223 1831 ὥς
239 1770 266 1827 οἶ
282 1766 502 1848 ἐπαλιλλόγητο,
516 1769 664 1845 κατέβαινε
679 1770 771 1850 λέγων
787 1769 825 1832 οἷς
836 1778 854 1805 “
861 1770 992 1845 περίεστί
1058 1804 1060 1823 =

187 1880 220 1916 τε
235 1854 252 1915 ό
267 1859 333 1919 παῖς
349 1855 396 1915 καὶ
411 1854 445 1915 τό
460 1854 576 1937 γεγονός
592 1858 650 1935 ἐχει
658 1860 766 1919 καλῶς·
779 1860 818 1935 τῷ
829 1881 860 1917 τε
871 1855 928 1938 γάρ
940 1862 989 1917 πε-
1058 1864 1060 1871 '

184 1941 349 2023 ποιημένῳ,”
360 1945 415 2020 ἐφη
427 1944 527 2025 λέγων,
540 1954 559 1980 “
567 1948 595 2007 ἐς
603 1942 654 2004 τόν
662 1944 750 2004 παῖδα
758 1948 858 2004 τοῦτον
870 1946 990 2022 ἔκαμνον
1058 2004 1060 2018 f

184 2030 323 2113 μεγάλως,
338 2032 385 2091 καὶ
401 2032 518 2113 θυγατρὶ
533 2036 570 2111 τῇ
586 2036 640 2111 ἐμῇ
656 2032 883 2109 διαβεβλημένος
895 2032 946 2093 οὐκ
958 2038 989 2093 ἐν

186 2123 301 2199 ἐλαφρᾷ
314 2117 471 2197 ἐποιεύμην·
485 2118 520 2183 ὥς
533 2118 570 2179 ὧν
582 2124 633 2196 τῆς
644 2118 731 2197 τύχης
743 2118 773 2179 εὖ
785 2118 988 2197 μετεστεώσης,
1058 2140 1060 2201 ζ

184 2212 268 2269 τοῦτο
283 2209 336 2286 μὲν
350 2206 400 2268 τὸν
415 2211 538 2268 σεωυτοῦ
554 2208 642 2267 παῖδα
657 2206 827 2284 ἀπόπεμψον
843 2205 923 2285 παρὰ
939 2207 989 2267 τδν
1058 2238 1060 2243 ·

185 2296 315 2355 παῖδα
284 2321 334 2355 τον
345 2294 475 2371 νεήλυδα,
485 2299 569 2355 τοῦτο
579 2296 617 2366 δὲ,
627 2294 803 2376 (σῶστρα
765 2321 821 2377 γαρ
830 2320 881 2356 του
867 2294 989 2360 παιδός

185 2384 283 2459 μέλλω
296 2381 371 2442 θύειν
382 2386 459 2441 τοῖσι
472 2383 543 2443 θεων
554 2382 622 2459 τιμή
635 2382 706 2459 αὕτη
718 2381 959 2462 προσκέεταα)’
917 2409 989 2473 παρ·
1058 2421 1060 2451 ;

139 2469 269 2530 119ισθί
288 2493 338 2545 μοι
355 2469 401 2527 ἐπὶ
424 2467 561 2528 δεῖπνον.”
590 2468 738 2551 Ἀρταγος
756 2472 809 2547 μὲν
828 2496 864 2533 ως
882 2469 990 2547 ἤκουσε

184 2560 281 2625 ταῦτα,
294 2555 502 2631 προσκυνήσας,
516 2580 563 2614 και
552 2556 688 2638 μεγάλα
700 2556 890 2635 ποιησάμενος
901 2557 946 2619 ὅτι
956 2584 989 2619 τε
1058 2591 1059 2598 ·

184 2642 205 2719 ἦ
224 2642 349 2720 ἅμαρτάς
369 2644 397 2702 οί
416 2647 444 2707 ἐς
459 2643 526 2704 δέον
547 2644 672 2726 ἐγεγόνεε
692 2646 739 2704 καὶ
758 2644 802 2707 ὅτι
821 2647 868 2705 ἐπὶ
883 2644 990 2726 τύχῃσι

185 2734 331 2811 χρηστῇσι
347 2730 393 2790 ἐπὶ
412 2730 522 2792 δεῖπνον
541 2733 669 2808 κέκλητο,
685 2729 730 2808 ἤϊε
745 2738 773 2795 ἐς
787 2732 824 2793 τοὶ
837 2734 920 2794 οἰκία·
941 2738 989 2793 ἐσ-
1058 2779 1059 2808 ;

187 2816 276 2880 ελθοδν
294 2818 325 2878 δέ
341 2817 393 2895 τήν
410 2820 556 2899 ταχίστην,
574 2819 610 2895 ἢν
626 2818 683 2901 γάρ
701 2823 729 2881 οἱ
745 2825 812 2883 παῖς
830 2820 869 2884 εἷς
885 2826 990 2897 μοῦνος
1058 2819 1060 2844 ’

187 2908 249 2967 έπεα
263 2908 328 2985 τρία
344 2908 391 2966 καὶ
407 2906 474 2968 δέκα
489 2933 540 2968 κου
552 2907 681 2986 μάλιστα
691 2908 821 2991 γεγονιδς,
833 2912 933 2969 τοῦτον
946 2914 989 2970 ἐκ·

185 2995 298 3072 πέμπει,
313 2995 381 3055 ἰέναι
392 3020 424 3055 τε
437 2994 556 3055 κελεύων
573 3000 600 3059 ἐς
611 2993 784 3078 Ἀστυάγεος
796 2996 843 3056 καὶ
855 2996 960 3057 ποιέειν
971 2996 989 3057 ὅ

185 3107 214 3142 τι
226 3081 260 3143 ἂν
273 3086 374 3145 ἐκεῖνος
387 3082 496 3161 κελεύῃ·
510 3081 593 3145 αύτδς
605 3083 636 3141 δὲ
648 3083 801 3162 περιχαρής
814 3083 873 3154 εὀλν,
888 3083 989 3162 φράζει

118 3180 119 3183 ’
185 3173 222 3247 τῇ
235 3170 345 3249 γυναικὶ
359 3168 395 3229 τοὶ
410 3167 637 3249 συγκυρήσαντα.
676 3169 837 3252 Ἀστυάγης
855 3171 894 3241 δέ,
910 3170 947 3233 ὥς
962 3174 989 3231 οἱ

186 3254 301 3317 άπίκετο
322 3255 338 3317 ό
356 3255 501 3336 Ἀρπιίγου
521 3260 596 3327 παῖς,
616 3256 731 3332 σφάξας
750 3256 834 3319 αύτὸν
854 3259 901 3319 καὶ
917 3258 989 3319 κατοῖ
