2150 3500
114 129 159 192 ιιι,
173 127 218 194 ιο]
471 128 586 181 mm.
888 134 923 183 ια

113 208 223 288 πέδησε
243 206 394 284 δεδεμένον,
416 207 463 268 καὶ
482 207 524 272 δὶς
545 207 615 270 {mot
634 208 732 270 Λυδῶν
750 208 816 289 παρ’
836 209 923 274 αὐτόν

113 296 229 365 παῖδας,
247 299 278 356 ἐν
292 294 346 375 νόῳ
362 296 431 374 ἔχων
440 296 503 356 Δε’ίτε
521 294 556 372 δῆ
573 294 717 373 ἀκροθίνια
731 301 822 358 ταῦτα
840 323 944 359 κατα-·

113 386 190 466 γιεῖν
203 384 272 444 θεῶν
285 381 352 462 ὅτεῳ
365 384 409 459 δῆ,
424 384 478 444 εἶτε
491 383 538 443 καὶ
552 383 637 462 εάχῆν
651 385 813 446 ἐπιτελέσαι
823 387 923 447 θέλων·

116 471 175 532 εἴτε
202 471 249 530 καὶ
274 470 428 548 πυθόμενος
453 470 505 532 τόν
531 476 659 551 Κροῖσον
683 473 752 534 εἶναι
775 474 923 551 θεοσεβέα,

115 559 201 620 τοῦδε
218 557 319 620 εἵνεκεν
334 556 494 636 ἀνεβίβασε
510 560 557 620 ἐπὶ
572 560 625 638 τῆν
641 561 733 638 πυρῆν
748 561 925 639 βουλόμενος

117 646 221 707 εἰδέναι
240 647 268 706 εἴ
284 671 328 711 τις
345 671 395 724 μιν
414 646 552 725 δαιμόνων
570 647 687 726 ῥύσεται
704 652 756 709 τοῦ
774 649 815 726 μῆ
835 651 926 722 ζῶντα

117 735 336 812 κατακαυθῆναι.
375 733 427 796 τόν
445 737 498 813 μὲν
521 735 556 812 δὴ
581 737 687 797 ποιέειν
704 739 804 797 ταῦτα·
837 740 876 818 τῷ
895 738 926 799 δέ

82 849 86 857 ·
118 823 238 902 Κροίσῳ
251 825 366 884 ἑστεῶτι
384 822 431 882 ἐπὶ
445 827 496 899 τῆς
510 826 602 901 πυρῆς
619 824 755 895 ἐσελθεῖν,
770 826 819 886 καί
829 851 882 903 περ
895 830 925 886 ἐν

118 914 195 991 κακῷ
209 910 282 972 ἐόντι
299 910 434 992 τοσούτῳ,
451 912 486 972 τό
501 916 553 972 τοῦ
571 911 708 983 Σόλωνος,
724 912 761 978 ὦς
775 917 804 973 αἶ
817 914 860 990 εἴη
872 913 927 979 aim

119 998 176 1078 θεῷ
188 999 331 1076 εἰρημένον
339 998 373 1059 τό
383 999 510 1077 “μηδένα
519 1000 589 1061 εἶναι
598 1005 653 1061 τῶν
662 999 787 1080 ζωόντων
796 999 925 1078 ὅλβιον·”

119 1085 158 1150 ώς
170 1086 201 1146 δὲ
213 1085 268 1164 ἄρα
276 1112 326 1164 μιν
337 1091 497 1165 προστῆναι
508 1092 601 1159 τοῦτο,
612 1087 821 1166 ἀνενεικάμενόν
833 1114 866 1150 τε
878 1089 925 1150 καὶ

120 1171 347 1246 ἀναστενάξαντα
359 1180 390 1234 ἐκ
402 1178 515 1252 πολλῆς
528 1175 649 1255 ἡσυχίης
664 1180 692 1240 ἐς
707 1177 767 1254 τρὶς
785 1176 925 1254 ὀνομάσαι

121 1260 249 1325 Σόλωνα·
269 1261 385 1323 καὶτὸν
405 1265 501 1340 Κῦρον
522 1260 690 1331 ἀκούσαντα,
712 1266 846 1323 κελεῦσαι
860 1263 929 1327 τούς

121 1349 256 1426 ἑρμηνέας
276 1349 438 1428 ἐπείρεσθαι
452 1349 502 1409 τόν
522 1353 659 1426 Κροῖσον,
673 1350 737 1410 τίνα
755 1354 855 1410 τοῦτον
869 1356 927 1411 ἐπι-

122 1437 252 1498 καλέοιτο
257 1462 265 1507 ;
280 1437 326 1497 καὶ
334 1437 400 1502 τούς
409 1436 621 1515 προσελθόντας
631 1441 789 1514 ἐπειρωτᾶν,
799 1442 927 1515 Κροῖσον

122 1523 154 1584 δὲ
172 1525 240 1588 τέως
258 1528 310 1603 μὲν
330 1526 417 1608 σιγῆν
437 1526 511 1605 ἔχειν
530 1524 727 1603 ε’ρωτεώμενον,
741 1525 813 1604 μετά
832 1527 870 1596 δὲ,
891 1526 927 1592 ώς

121 1610 301 1694 ῆναγκώζετο,
329 1617 425 1674 εἰπεῖν·
446 1613 517 1674 ’(τὸν
536 1611 572 1674 ἂν
591 1613 646 1696 ἐγώ
665 1619 740 1675 πᾶσι
765 1614 927 1691 τυρόννοισι

122 1700 301 1779 προετίμησα
319 1700 451 1784 μεγάλων
469 1700 620 1783 χρημάτων
640 1706 668 1767 ἐς
686 1701 790 1786 λόγους
810 1701 927 1765 ἐλθεῖν.”

123 1788 161 1852 ώς
172 1788 204 1849 δέ
215 1795 272 1866 σφι
284 1790 384 1867 ἄσημα
396 1790 507 1868 ἔφραζε,
520 1789 609 1851 πόλιν
621 1790 784 1868 ἐπειρώτεον
795 1791 832 1851 τοὶ
845 1789 928 1873 λεγό·

122 1901 203 1955 μενα.
243 1878 432 1955 λιπαρεόντων
445 1878 475 1937 δὲ
485 1876 576 1939 αάτῶν
585 1878 632 1937 καὶ
640 1877 730 1958 ὄχλον
739 1877 925 1958 παρεχόντων,

124 1966 205 2047 ἔλεγε
223 1964 268 2041 δῆ,
289 1966 326 2030 ὦς
344 1966 417 2044 ἦλθε
436 1964 527 2044 ἀρχὴν
547 1965 564 2027 θ
585 1966 691 2036 Σίλων,
705 1966 756 2027 ἐών
770 1966 926 2043 Ἀθηναῖος,

124 2053 172 2112 καὶ
184 2053 356 2131 θεησάμενος
371 2052 463 2115 πάντα
480 2053 531 2114 τόν
550 2057 650 2114 ἐωυτοΰ
667 2052 761 2130 ὄλβον
776 2053 927 2130 ἀποφλαυ·

123 2141 221 2218 ρίσειε,
235 2141 281 2201 οἶα
294 2142 331 2219 δῆ
342 2142 429 2205 εἶπας·
448 2140 484 2205 ὥς
500 2167 532 2201 τε
550 2141 624 2219 αὐτῷ
640 2140 733 2202 πάντα
748 2140 929 2217 ἀποβεβήκοι

124 2233 213 2307 τῇπερ
227 2233 329 2294 ἐκεῖνος
342 2230 410 2300 εἶπε,
425 2228 504 2290 οὐδέν
515 2253 545 2289 τι
556 2232 671 2306 μᾶλλον
683 2233 712 2293 ἐς
726 2229 826 2293 ἑαυτὸν
838 2228 930 2310 λέγων

126 2315 145 2393 ἢ
166 2322 194 2380 ἐς
211 2315 287 2378 ἅπαν
300 2318 334 2378 τό
353 2316 534 2395 ἀνθρώπινον,
556 2316 603 2375 καὶ
621 2315 751 2394 μα’λιστα
769 2315 834 2380 τούς
852 2315 930 2393 παρὰ

126 2405 216 2480 σφίσι
238 2403 350 2466 αὐτοῖσι
372 2406 517 2469 δοκέοντας
540 2403 659 2481 ὀλβίους
685 2404 764 2466 εἶναι.
804 2403 855 2464 τόν
877 2406 930 2481 μὲν

128 2494 255 2570 Κροῖσον
283 2498 372 2554 ταῦτα
402 2492 586 2573 ἀπηγέεσθαι,
612 2497 663 2569 τῆς
697 2492 727 2553 δὲ
754 2496 844 2570 πυρῆς
875 2491 931 2569 ἤδη

128 2578 252 2657 ἀμμίνης
275 2582 404 2642 καίεσθαι
425 2580 462 2641 τοὶ
485 2580 668 2660 περιέσχατα·
696 2581 743 2640 καὶ
764 2580 815 2642 τόν
835 2584 930 2658 Κῦρον

128 2665 288 2729 ἀκούσαντα
294 2672 349 2730 τῶν
358 2667 537 2747 ἐρμηνέιιντά
545 2668 606 2728 εἶπε
612 2672 748 2746 Κροῖσος,
757 2668 932 2750 μεταγνόντα

128 2780 160 2817 τε
172 2755 220 2816 καὶ
233 2755 390 2817 ἐννώσαντα
403 2755 447 2818 ὅτι
459 2756 506 2815 καὶ
518 2754 601 2820 οὗτός
616 2755 761 2835 ἅνθρωπος
774 2754 826 2817 ἐών
841 2755 932 2815 ἄλλον

130 2842 275 2922 ἄνθρωπον
289 2844 438 2926 γενόμενον
456 2846 558 2905 έωυτοῦ
575 2842 733 2923 εὐδαιμονίη
750 2842 801 2903 οὐκ
817 2842 933 2903 ἐλόσσω

131 2930 235 3003 ζώοντα
249 2932 316 3010 πυρὶ
333 2931 432 3009 διδοίη,
450 2932 522 3010 πρός
541 2957 573 2993 τε
587 2932 723 3002 τούτοισι,
737 2930 869 2991 δείσαντα
880 2928 933 3005 τῆν

130 3020 206 3079 τίσιν
213 3019 259 3079 καὶ
270 3020 467 3097 ἐπιλεξάμενον
475 3019 511 3084 ώς
520 3019 599 3079 οὐδὲν
607 3020 649 3094 εἴη
656 3024 712 3080 τών
721 3024 751 3078 ἐν
760 3016 933 3093 ἀνθρώποισι

132 3104 284 3185 ἀσφαλέως
297 3110 370 3187 ἔχον,
384 3107 506 3169 κελεύειν
519 3105 672 3182 σβεννύναι
684 3105 737 3181 τὴν
748 3103 887 3182 ταχίστην
898 3103 934 3164 τό

132 3193 279 3271 καιόμενον
303 3199 368 3272 πῦρ,
395 3196 442 3255 καὶ
462 3190 667 3270 καταβιβάζειν
689 3188 817 3268 Κροῖσόν
835 3213 868 3250 τε
887 3188 935 3250 καὶ

132 3279 197 3344 τούς
203 3279 276 3357 μετὰ
283 3283 422 3359 Κροίσου·
435 3280 483 3341 καὶ
490 3278 557 3342 τούς
565 3279 750 3355 πειρωμένους
756 3274 790 3336 ου’
800 3274 937 3338 &mom
