2150 3500
180 119 227 167 182
481 119 665 169 ἨΡΟΔΟἝΟΤ
933 113 986 179 [Π.

176 195 208 255 δὲ
232 195 303 273 πρός
329 196 411 258 νότον
435 197 624 275 τετραμμέναι
650 196 788 276 συνεχέες·
828 197 930 275 τοῖχος
955 195 988 255 δὲ

177 282 276 352 ἔξωθεν
289 283 306 342 ό
318 283 401 347 αύτός
414 288 506 359 σφεας
518 283 668 364 περιέργει.
703 281 842 360 οἰκήματα
856 283 879 342 δ’
890 283 988 343 ἔνεστι

177 369 273 440 διπλᾶ,
285 371 322 431 τοὶ
340 373 392 447 μὲν
410 370 532 450 ύπόγαια
549 370 586 430 τά
600 371 629 430 δὲ
647 371 771 449 μετέωρα
785 369 827 429 ἐπ’
842 369 986 440 ἐκείνοισι,

176 459 324 538 τρισχίλια
337 457 465 535 άριθμόν,
479 459 670 519 πεντακοσίων
684 458 730 517 καὶ
742 458 843 536 χιλίων
857 456 987 536 ἑκάτερα.

176 544 214 604 τοὶ
226 546 278 621 μέν
290 571 339 606 νυν
351 545 475 623 μετέωρα
487 549 542 606 τῶν
556 544 712 623 οἰκημάτων
726 544 808 606 αύτοί
821 571 853 606 τε
866 543 989 622 ὁρέομεν

177 631 322 702 διεξιόντες
347 632 393 692 καὶ
419 632 499 693 αὐτοὶ
521 631 692 710 θεησάμενόι
718 633 849 712 λέγομεν·
890 631 931 693 τά
957 633 989 692 δὲ

178 717 268 780 αὐτῶν
287 719 410 800 ύπόγαια
430 719 545 802 λόγοισι
565 718 784 797 ἐπυνθανόμεθα·
805 723 833 780 οἱ
847 719 905 800 γάρ
926 724 989 780 έπε-

178 811 297 871 στειΐιτες
322 812 377 867 τῶν
403 808 561 888 Αἰγυπτίων
592 807 729 868 δεικνύναι
759 806 830 867 αι’ντιί
857 805 991 884 οὐδαμῶς

178 891 290 968 ἤθελον,
311 894 433 971 φάμενοι
453 894 540 970 θόκας
559 893 657 955 αύτόθι
678 893 747 955 εἶναι
766 897 822 956 τῶν
840 919 873 954 τε
892 893 990 972 ἀρχὴν

179 981 230 1040 τδν
250 982 423 1059 λαβύρινθον
439 985 540 1042 τοῦτον
561 982 823 1060 οἰκοδομησαμένων
835 983 990 1059 βασιλέων

180 1068 226 1127 καὶ
238 1074 294 1130 τῶν
310 1072 376 1147 ἰριδν
393 1068 586 1148 κροκοδείλων·
609 1068 679 1129 οὕτω
693 1073 749 1129 τῶν
766 1071 818 1147 μὲν
831 1068 907 1128 κάτω
922 1071 991 1148 πέρι

181 1156 337 1233 οἰκημάτων
350 1155 421 1235 ἀκοῇ
433 1155 650 1235 παραλαβόντες
667 1156 798 1237 λέγομεν·
818 1155 855 1216 τὰ
873 1155 905 1215 δὲ
921 1156 989 1228 ἅνω,

179 1244 283 1321 μέζονα
296 1243 475 1322 ἀνθρωπηίων
490 1245 577 1326 ἔργων
591 1242 670 1306 αὐτοὶ
688 1243 813 1322 ὁρέομεν·
834 1244 867 1302 αἶ
881 1269 917 1303 τε
930 1245 990 1326 γάρ

180 1332 270 1401 ἔξοδοι
282 1331 328 1392 διαῖ
340 1335 396 1392 τῶν
409 1333 530 1413 στεγέων
543 1331 590 1391 καὶ
604 1334 631 1391 οἰ
644 1331 755 1412 ἑλιγμοὶ
769 1330 815 1390 διά
831 1334 888 1391 τῶν
901 1331 991 1393 αύλέ-

179 1445 226 1490 ων,
246 1419 337 1483 ε’όντες
356 1418 563 1490 ποικιλώτατοι,
579 1420 677 1496 θῶυμα
695 1419 795 1496 μυρίον
813 1420 992 1500 παρείχοντο
1014 1427 1016 1431 ’

179 1506 212 1574 ἐξ
225 1505 314 1582 αύλῆς
333 1531 365 1566 τε
385 1511 413 1570 ές
429 1506 467 1567 τοὶ
487 1505 628 1589 οἰκήματα
650 1506 791 1576 διεξιοῦσι,
811 1507 909 1567 καὶέ’κ
931 1512 992 1568 τῶν

180 1593 336 1669 οἰκημάτων
353 1599 382 1657 ἐς
400 1593 556 1664 παστάδας,
577 1599 605 1657 ές
617 1593 721 1675 στέγας
732 1619 765 1653 τε
778 1592 870 1656 ἄλλας
883 1599 917 1654 ἐκ
931 1601 992 1657 τῶν

180 1679 340 1751 παστάδων,
354 1682 401 1741 καὶ
420 1686 449 1745 ἐς
468 1681 557 1746 αὖλιὶς
578 1682 669 1746 ἄλλας
689 1686 720 1742 έκ
738 1686 795 1742 τῶν
815 1681 991 1761 οἰκημάτων·

180 1766 272 1845 όροφή
291 1769 322 1828 δὲ
338 1767 448 1829 πάντων
465 1770 570 1831 τούτων
586 1771 689 1847 λιθίνη,
704 1769 827 1848 κατάπερ
840 1774 868 1830 αἱ
879 1776 991 1853 τοῖχοι·

180 1859 208 1915 οἰ
220 1855 250 1915 δὲ
267 1859 360 1936 τοῖχοι
371 1856 465 1917 τύπων
483 1858 716 1939 ἐγγεγλυμμένων
732 1858 825 1918 πλέαι·
860 1858 939 1937 αύλὴ
959 1862 992 1921 δὲ
1054 1884 1055 1938 γ

180 1942 284 2021 ἑκάστη
310 1945 488 2024 περίστυλος,
515 1946 598 2005 λίθου
617 1949 721 2005 λευκοῦ
744 1944 930 2024 ἆρμοσμένου
952 1950 991 2010 τά

179 2027 318 2109 μάλιστα·
349 2036 401 2110 τῆς
418 2034 449 2094 δὲ
464 2033 565 2115 γωνίης
582 2036 765 2097 τελευτῶντος
781 2037 832 2094 τοῦ
847 2036 991 2114 λαβυρίν-
1053 2082 1054 2099 ι

183 2121 234 2181 θου
251 2123 345 2202 έχεται
360 2122 482 2199 πυραμὶς
495 2120 805 2202 τεσσερακοντόργύιος,
819 2126 849 2182 έν
867 2126 905 2201 ’τῇ
928 2125 991 2196 ζῶα
1053 2107 1054 2161 ἰ

179 2209 293 2290 μεγάλα
316 2211 513 2293 ἐγγέγλυπται·
547 2208 611 2273 ὁδδς
633 2208 657 2269 δ’
680 2212 709 2273 ἒς
731 2207 819 2285 αὖπην
844 2208 900 2271 ύπδ
930 2216 990 2294 γῆν

180 2298 339 2375 πεποίηται.
406 2355 408 2360 ,
964 2362 967 2367 ,

135 2387 190 2443 149
219 2389 276 2443 Τοῦ
289 2386 320 2444 δὲ
332 2387 506 2463 λαβυρίνθου
519 2385 619 2448 τούτου
632 2386 725 2451 ε’όντος
734 2384 870 2458 τοιούτου,
885 2386 988 2465 θῶυμα

180 2470 221 2529 ἔτι
242 2472 327 2545 μέζον
350 2473 502 2550 παρέχεται
523 2476 544 2550 ἡ
567 2476 685 2553 Μοίριος
707 2476 864 2551 καλεομένη
885 2474 986 2551 λίμνη,

179 2555 244 2633 παρ’
264 2556 299 2633 ἣν
318 2557 335 2618 ό
355 2558 527 2636 λαβύρινθος
549 2559 629 2625 οὗτος
649 2561 837 2638 οἰκοδόμηται.’
878 2564 932 2637 τῆς
952 2564 986 2623 τό
1051 2554 1052 2605 ἰ

180 2645 345 2723 περίμετρον
362 2650 414 2722 τῆς
432 2647 563 2724 περιόδου
583 2648 639 2708 εἰσί
657 2647 768 2707 στάδιοι
781 2647 922 2717 ἑξακόσιοι
938 2647 986 2708 κάἰ

179 2734 342 2813 τρισχίλιοι,
358 2735 479 2814 σχοίνων
492 2734 625 2811 ἑξήκοντα
644 2734 750 2805 ε’όντων,
764 2734 824 2793 ἰσοι
838 2735 885 2793 καὶ
897 2733 985 2812 σῆς
1050 2786 1051 2807 2

180 2821 324 2902 Αἰγύπτου
342 2821 376 2882 τό
395 2822 473 2898 παραὶ
493 2822 655 2883 θάλασσαν.
696 2822 787 2882 κέεται
805 2822 836 2882 δὲ
853 2822 985 2900 μακρὴή
1050 2814 1051 2825 ¹

179 2909 266 2986 λίμνη
282 2908 353 2985 πρδς
370 2910 477 2985 βορέην
495 2936 527 2970 τε
546 2909 592 2968 καὶ
610 2908 700 2979 νότον,
723 2913 810 2969 έοῦσα
827 2908 929 2986 βάθος,
948 2916 985 2991 τῇ

178 2994 325 3071 βαθυτάτη
346 2996 416 3071 αὕτη
441 2999 549 3071 έωυτῆς,
568 2995 842 3077 πεντηκοντόργυιος.
884 2996 930 3057 ὅτι
955 3000 986 3059 δὲ

180 3083 375 3159 χειροποίητός
394 3086 457 3141 ε’στι
477 3083 524 3140 καὶ
544 3081 645 3157 ὀρυκτή
667 3082 737 3159 αὕτη
756 3084 850 3160 δηλοῖ·
877 3088 908 3145 ἓν
926 3085 985 3166 γάρ

178 3167 255 3244 μέση
274 3173 310 3246 τῇ
330 3169 415 3246 λίμνῃ
434 3166 564 3244 μάλιστά
584 3193 619 3243 κη
632 3172 735 3229 ἑστᾶσι
750 3169 800 3230 δύο
819 3172 984 3249 πυραμίδες,

176 3253 229 3310 τοῦ
240 3251 340 3317 ὕδατος
351 3253 540 3332 ὑπερέχουσα
548 3251 719 3328 πεντήκοντα
728 3253 842 3337 ὀργυιάς
856 3257 983 3335 ἑκατέρη,
