2150 3500
168 115 216 161 ιιι
482 112 666 160 Ἦσοιοτοτ
910 111 970 176 [ιν.

167 189 315 268 ἀπήμονας
329 192 522 260 άποστιλέειν·
542 193 710 270 πειθομένου
723 193 753 251 δὲ
766 197 818 251 τοῦ
835 192 972 268 Ἰήσονος,

168 280 239 341 οὕτω
270 280 288 356 ἦ
301 280 351 340 τόν
363 306 394 339 τε
404 280 553 340 διέκπλοον
565 285 621 340 τῶν
633 281 766 358 βραχέων
776 281 916 340 δεικνύναι
925 283 971 344 τόν

166 368 291 445 Τρίτωνά
310 375 375 444 σφι,
389 368 435 427 καὶ
455 366 505 428 τόν
523 368 643 445 τρίποδα
662 370 750 428 θεῖναι
767 373 797 428 ἐν
813 374 853 448 τῷ
872 375 971 430 ἐωυτοῧ

169 458 226 534 ἱρῷ,
259 454 483 516 ἐπιθεσπίσαντά
501 481 532 515 τε
552 459 591 533 τῷ
613 455 725 532 τρίποδι
748 457 795 514 καὶ
815 459 895 517 τοῖσι
918 457 970 518 σύν

165 541 273 618 Ἰήσονι
293 541 460 620 σημήναντα
474 542 525 602 τόν
540 543 632 602 πάντα
648 541 745 623 λόγον,
766 543 802 606 οἷς
818 544 905 604 ἐπεάν
921 546 969 606 τόν

165 630 284 706 τρίποδα
297 631 449 706 κομίσηται
460 634 516 690 τῶν
529 630 647 710 ἐκγόνων
659 656 702 694 τις
713 634 768 690 τῶν
780 635 810 690 ἐν
820 635 857 709 τῇ
871 631 970 714 Ἀργοῖ

165 717 376 793 συμπλεόντων,
391 716 456 777 τότε
473 718 570 777 ἐκατὸν
586 717 688 781 πόλιας
704 721 819 792 οἰκῆσαι
836 721 904 796 περὶ
918 719 969 795 τὴν

163 805 316 880 Τριτωνίδα
332 806 436 882 λίμνην
449 805 617 880 Ἑλληνίδας
631 809 729 864 πᾶσαν
745 805 816 864 εἶναι
833 805 967 887 ἀνάγκην·

163 897 252 952 ταῦτα
277 892 452 956 ἀκούσαντας
482 891 549 956 τούς
580 895 742 970 ἐπιχωρίους
770 895 826 952 τῶν
850 894 968 970 Λιβύων

165 980 268 1058 κρύψαι
279 981 329 1040 τόν
338 982 467 1058 τρίποδα.

121 1071 176 1126 180
227 1068 340 1137 Τούτων
353 1069 383 1126 δέ
397 1069 508 1147 ἔχονται
519 1073 576 1127 τῶν
589 1065 734 1146 Μαχλύων
746 1065 860 1130 Αύσεῖς.
889 1067 967 1130 οὗτοι

164 1155 194 1214 δὲ
218 1149 265 1214 καὶ
292 1159 319 1214 οἱ
341 1155 477 1234 Μάχλυες
499 1156 583 1232 πέριξ
601 1155 659 1230 ,τήν
683 1155 836 1230 Τριτωνίδα
862 1158 966 1232 λίμνην

164 1244 301 1303 οἰκέουσι·
318 1242 352 1303 τό
376 1244 466 1320 μέσον
490 1243 521 1301 δέ
541 1248 598 1318 σφι
620 1241 720 1318 οὐρίζει
740 1239 757 1300 ό
777 1241 894 1318 Τρίτων·
918 1246 966 1304 καὶ

164 1333 192 1388 οἶ
212 1334 264 1407 μὲν
284 1331 420 1410 Μάχλυες
438 1329 476 1390 τά
497 1329 590 1390 ὀπίσω
608 1329 809 1405 κομέουσιτῆς
827 1335 965 1407 κεφαλῆς,

140 1456 143 1460 ·
164 1421 191 1476 οἱ
211 1419 241 1477 δὲ
261 1423 365 1482 Αυσεῖς
379 1417 415 1479 τά
433 1418 586 1495 ἔμπροσθε·
608 1417 676 1495 όρτῄ
695 1416 725 1475 δέ
741 1417 867 1496 ἐνιαυσίῃ
880 1417 966 1495 Ἀθη-

163 1507 241 1581 ναίης
261 1510 290 1565 αἱ
310 1507 443 1584 παρθένοι
463 1504 553 1564 αὐτῶν
571 1505 637 1583 δίχα
655 1504 808 1563 διαστᾶσαι
822 1503 966 1584 μάχονται

162 1592 233 1667 πρός
252 1593 382 1668 ἀλλήλας
397 1592 509 1653 λίθοισί
523 1617 555 1652 τε
571 1592 617 1651 καὶ
633 1590 753 1661 ξύλοισι,
769 1593 805 1669 τῇ
824 1590 967 1672 αὖθιγενέῑ

163 1680 216 1757 θεῷ
231 1676 369 1760 λέγουσαι
385 1680 422 1738 τά
436 1679 541 1757 πάτρια
558 1677 728 1749 α’ποτελέειν,
741 1677 792 1754 τήν
811 1677 966 1757 Ἀθηναίην

162 1768 309 1843 καλέομεν·
341 1767 392 1830 τάς
418 1768 449 1826 δὲ
480 1766 714 1843 ἀποθνησκούσας
738 1770 793 1826 τῶν
819 1768 966 1843 παρθένων

162 1859 192 1912 ἐκ
212 1858 267 1913 τῶν
288 1853 439 1931 τρωμάτων
461 1848 700 1932 ψευδοπαρθένους
721 1853 863 1917 καλέουσι·
893 1856 967 1933 πρὶν

161 1941 192 2000 δὲ
216 1940 323 2003 άνεῖναι
350 1941 436 2005 αύτάς
461 1942 614 2021 μάχεσθαι,
637 1940 704 2001 τάδε
729 1944 850 1999 ποιεῦσι·
882 1946 967 2023 κοινῇ

160 2031 299 2109 παρθένον
313 2030 366 2107 τήν
386 2028 629 2091 καλλιστεύουσαν
644 2027 777 2094 ἑκάστοτε
798 2028 964 2103 κοσμήσαν,-

159 2144 205 2181 τες
223 2122 291 2197 κὐνῇ
306 2143 337 2178 τε
358 2118 493 2195 Κορινθίῃ
513 2117 558 2175 καὶ
576 2116 721 2193 πανοπλίῃ
737 2114 901 2192 Ἑλληνικῇ,
917 2117 966 2178 καὶ

84 2276 86 2280 Ι
138 2205 203 2264 ’ἐπ’
226 2205 303 2284 ἅρμα
326 2204 563 2282 ἀναβιβάσαντες,
587 2202 754 2283 περιάγουσι
780 2200 832 2276 τὴν
858 2202 966 2280 λίμνην

160 2293 261 2371 κύκλῳ·
275 2294 382 2353 ὁτέοισι
395 2294 424 2352 δέ
436 2293 470 2352 τό
483 2291 573 2351 πάλαι
588 2291 724 2365 ἐκόσμεον
735 2288 786 2351 τάς
798 2288 966 2365 παρθένους,

159 2382 226 2455 πρὶν
240 2379 260 2455 ἦ
276 2387 332 2456 σφι
344 2380 488 2455 Ἕλληνας
500 2380 727 2456 παροικισθῆναι,
742 2374 791 2435 οὐκ
806 2378 860 2454 ἔχω
875 2376 965 2437 εἶπαι·

159 2468 244 2525 δοκέω
261 2466 284 2525 δ’
301 2468 338 2527 ὧν
354 2468 535 2547 Αἰγυπτίοισι
548 2466 665 2527 ὅπλοισι
679 2464 852 2541 κοσμέεσθαι
866 2462 965 2529 αὐτάς·

158 2552 215 2613 άπό
234 2553 290 2634 γάρ
307 2552 451 2633 Αἰγύπτου
472 2555 518 2611 καὶ
541 2553 593 2629 τὴν
614 2552 721 2612 ἀσπίδα
743 2551 790 2635 καὶ
807 2548 841 2609 τό
861 2550 966 2627 κράνος

159 2641 234 2718 φημὶ
254 2639 373 2719 άπῖχθαι
393 2646 420 2702 ἐς
434 2639 499 2703 τούς
513 2639 668 2716 Ἕλληνας·
688 2637 740 2713 την
756 2638 787 2696 δέ
806 2635 966 2713 Ἀθηναίην

159 2731 234 2808 φασὶ
263 2728 454 2791 Ποσειδέωνος
480 2728 549 2789 εἶναι
576 2726 714 2807 θυγατέρα
740 2724 787 2782 καὶ
815 2726 867 2799 τῆς
896 2729 965 2800 Τρι·

157 2819 269 2882 τωνιδος
289 2818 399 2894 λίμνης·
420 2817 469 2875 καί
486 2841 536 2893 μιν
555 2810 737 2891 μεμφθεῖσάν
756 2835 784 2871 τι
804 2813 842 2888 τῷ
864 2811 963 2889 πατρὶ,

157 2905 253 2964 δοῦναι
281 2904 382 2979 ἑωυτὴν
407 2908 446 2981 τῷ
472 2904 529 2962 Διί·
563 2900 613 2961 τόν
640 2900 670 2959 δέ
697 2896 753 2958 Δία
779 2899 882 2956 ἑωυτοῦ
913 2922 965 2974 μιν

155 2990 334 3063 ποιήσασθαι
354 2990 502 3069 θυγατέρα.
537 2991 626 3047 ταῦτα
645 2989 698 3062 μὲν
717 2984 847 3065 λέγουσι.
883 2982 965 3059 μίξιν

156 3072 185 3129 δὲ
208 3076 346 3134 ἐπίκοινον
368 3080 424 3135 τῶν
445 3078 582 3154 γυναικῶν
604 3074 754 3141 ποιέονται,
778 3067 843 3129 οὔτε
867 3095 963 3129 συνοι-

157 3156 265 3218 κέοντες
285 3160 419 3233 κτηνηδόν
438 3186 469 3219 τε
488 3158 666 3239 μισγόμενοι·
696 3155 779 3217 ἐπεάν
800 3156 829 3213 δὲ
849 3154 963 3235 γρνναικὶ

152 3236 186 3293 τὸ
206 3241 316 3301 παιδίον
336 3244 421 3319 ἁδρόν
440 3247 562 3325 γένηται,
584 3244 793 3321 συμφοιτέουσι
817 3247 844 3305 ἐς
868 3240 963 3302 τώυτό
