2150 3500
120 133 262 198 ιιι-ιιι]
409 133 636 184 mmmmm.
692 177 693 180 ,
876 138 923 184 361

120 211 298 292 χρήσασθαι·
311 209 364 287 τήν
375 211 405 270 δὲ
415 211 570 293 ὁμολογίην
581 217 722 274 ἐποιεῦντο
732 213 841 290 τοιήνδε
853 215 923 285 τινά,

121 300 168 359 ε’πὶ
182 303 234 376 τῆς
254 303 377 376 κρυπτῆς
393 299 502 377 τάφρου
521 300 671 378 τάμνοντες
688 301 777 379 ὅρκια·
799 303 826 364 ἔς
845 301 869 362 τ’
890 300 924 362 ἂν

119 387 139 462 ἡ
156 391 195 468 γῆ
213 388 284 463 αῦτη
301 385 371 466 οῦτω
390 388 448 466 ἔχη,
468 391 562 464 με’νειν
579 389 612 448 τό
632 389 724 466 ὅρκιον
739 389 809 448 κατά
821 389 922 472 χώρην,

121 475 168 534 καὶ
187 475 344 551 Βαρκαίους
361 500 393 534 τε
414 475 574 536 ὑποτελέειν
595 476 683 553 φάναι
704 475 784 552 α’ξίην
804 478 924 552 βασιλέϊ

121 563 168 621 καὶ
186 563 302 638 Πέρσας
318 562 405 638 μηδὲν
422 561 497 622 ἄλλο
512 569 651 643 νεοχμοῦν
670 565 740 624 κατοὶ
758 565 922 642 Βαρκαίους·

119 649 192 726 μετά
210 650 240 708 δὲ
253 648 290 709 ’τδ
309 648 411 726 ὅρκιον,
426 655 563 728 Βαρκαῖοι
580 656 632 728 μὲν
647 653 849 715 πιστεύσαντες
862 651 923 712 τού-

95 753 98 756 ’
121 763 200 796 τοισι
217 735 299 796 α’ύτοί
314 762 345 796 τε
361 737 477 812 ε’ξήῖσαν
490 744 521 796 ε’κ
536 743 587 798 τοῦ
601 738 701 802 άστεος
715 741 761 798 καὶ
773 745 827 800 τῶν
839 744 924 798 πολε-

118 824 191 900 μίων
208 825 258 883 ἔων
275 825 403 900 παριέναι
416 830 444 889 ε’ς
457 826 490 886 τό
503 831 597 904 τεῖχος
611 826 661 886 τόν
676 827 861 903 βουλόμενον,
875 828 924 890 τάς

119 911 212 974 πύλας
221 912 316 974 πόσας
325 911 490 981 ἀνοίξαντες·
505 917 532 973 οἶ
543 915 573 972 δὲ
583 915 695 991 Πέρσαι
706 914 924 991 καταρρήξαντες

119 997 172 1074 τῆν
182 998 306 1076 κρυπτῆν
315 1001 442 1080 γέφυραν
452 1003 529 1061 ἔθεον
544 1003 598 1061 ἔσω
612 1007 639 1064 ἐς
652 1001 685 1060 τό
698 1004 801 1080 τεῖχος.
830 1003 923 1079 κατέρ-

118 1086 207 1162 ρηξαν
220 1087 250 1145 δὲ
262 1086 343 1146 τοῦδε
357 1088 446 1148 εἵνεκα
458 1089 511 1165 τήν
524 1091 661 1166 ε’ποίησαν
671 1090 804 1169 γέφυραν,
820 1089 863 1148 ἵνα
877 1095 922 1165 ε’μ-

120 1173 295 1250 πεδορκέοιεν
307 1175 442 1250 ταμόντες
451 1176 528 1237 τοῖσι
539 1177 706 1255 Βαρκαίοισι
716 1176 818 1255 χρόνον
830 1178 923 1253 με’νειν

142 1262 173 1284 ,λ
211 1261 249 1284 λ(
345 1261 357 1285 9
700 1263 708 1285 λ
749 1263 757 1285 λ
797 1263 805 1284 Ι

120 1286 174 1321 αιει
186 1289 220 1322 το
233 1288 327 1339 ορκιον
341 1288 411 1324 οσον
424 1263 458 1324 ἂν
472 1265 491 1342 ῆ
503 1271 542 1346 γῆ
552 1267 622 1344 μένη
639 1290 710 1324 κατα
722 1289 758 1323 τα
771 1290 836 1323 τοτε
855 1265 922 1343 εἶχε·

120 1349 311 1426 καταρρήξασι
325 1351 355 1409 δὲ
368 1352 458 1412 ούκέτι
472 1355 550 1430 ἔμενε
564 1353 596 1413 τά
611 1353 705 1429 ὅρκιον
718 1351 789 1411 κατά
802 1351 904 1430 χώρην.

160 1437 233 1500 Τοῦς
255 1439 307 1514 μέν
322 1464 371 1498 νυν
388 1441 566 1505 αἰτιωτάτους
582 1445 637 1501 τῶν
655 1440 801 1516 Βαρκαίων
817 1439 836 1515 ἡ
853 1443 970 1500 <be-202

119 1525 227 1601 ρετίμη,
249 1528 312 1585 ε’πεί
330 1552 361 1586 τε
384 1532 413 1587 οἱ
433 1534 464 1588 ἐκ
486 1535 542 1590 τιῦν
564 1530 698 1606 Περσέων
718 1527 923 1604 παρεδόθησαν,
945 1605 949 1611 ¹

120 1610 329 1674 ἀνεσκολόπισε
347 1616 439 1697 κύκλῳ
453 1622 505 1678 τοῦ
521 1619 634 1698 τείχεος,
648 1621 702 1677 τῶν
716 1616 747 1676 δέ
762 1621 818 1691 σφι
831 1642 922 1694 γυναι-

120 1703 178 1761 κιῦν
189 1702 253 1765 τούς
262 1702 366 1780 μαζούς
376 1703 566 1785 ἀποταμοῦσα
575 1706 732 1784 περιέστιξε
743 1704 789 1765 καὶ
798 1703 923 1766 τούτοισι

118 1786 154 1847 τό
177 1791 278 1868 τεῖχος·
306 1791 372 1855 τούς
393 1792 423 1852 δὲ
446 1795 564 1859 λοιπούς
589 1799 644 1855 τῶν
670 1794 827 1871 Βαρκαίων
841 1794 924 1869 ληίην

120 1876 252 1936 ε’κέλευσε
265 1878 366 1939 θέσθαι
379 1881 444 1945 τοῦς
453 1884 578 1959 Πέρσας,
589 1881 666 1957 πλήν
675 1881 740 1941 ὅσοι
750 1881 840 1941 αύτιῦν
849 1881 925 1955 ἦσαν

120 1964 272 2023 Βαττιάδαι
289 1991 320 2024 τε
339 1967 386 2025 καὶ
401 1972 452 2027 τοῦ
472 1968 562 2044 φόνου
580 1968 612 2027 ού
629 1969 777 2043 μεταίτιοι·
797 1967 929 2027 τούτοισι·

119 2052 151 2111 δὲ
162 2053 215 2129 τῆν
228 2053 313 2114 πόλιν
327 2055 461 2133 ἐπέτρεψε
474 2055 493 2131 ἦ
507 2055 655 2132 Φερετίμη.

161 2140 233 2203 Τοῦς
253 2140 290 2200 ὧν
311 2141 345 2216 δή
366 2142 483 2206 λοιποῦς
499 2146 555 2202 τιῦν
578 2142 723 2218 Βαρκαίων
746 2142 772 2198 οἶ
793 2141 905 2217 Πέρσαι
915 2145 973 2201 203

119 2225 392 2307 ἀνδραποδισάμενοι
406 2228 535 2308 α’πήεσαν
546 2228 646 2288 ὀπίσω·
661 2228 707 2286 καὶ
720 2229 782 2286 ε’πεί
793 2253 824 2287 τε
835 2230 925 2307 ε’τὶτῇ

120 2317 288 2392 Κυρηναίων
312 2316 381 2376 πόλι
408 2318 578 2393 ἐπέστησαν,Ι
601 2319 628 2375 οἷ
652 2315 805 2392 Κυρηναίοι
827 2315 928 2397 λόγιόν
982 2388 984 2393 ,

119 2428 148 2462 τι
170 2402 368 2482 ἀποσιεύμενοι
390 2405 524 2481 διεξῆκαν·
542 2404 642 2468 αὐτούς
666 2402 711 2463 διδ
734 2406 786 2462 τοῦ
814 2402 924 2468 ἄστεος·

120 2490 277 2569 διεξιούσης
294 2493 323 2552 δὲ
339 2498 389 2569 τῆς
406 2497 549 2570 στρατιῆς,
568 2491 678 2570 Βάδρης
695 2492 747 2570 μὲν
761 2490 777 2551 ὁ
793 2497 843 2552 τοῦ
863 2518 925 2553 ναυ-

119 2583 198 2637 τικοῦ
210 2584 335 2658 στρατοῦ
348 2580 507 2662 στρατηγός
523 2582 632 2640 ε’κέλευε
646 2580 747 2657 αἱρέειν
761 2574 812 2655 τῆν
831 2580 924 2651 πόλιν,

116 2668 242 2742 Ἄμασις
264 2668 294 2728 δὲ
315 2668 331 2729 ό
351 2673 402 2730 τοῦ
426 2671 512 2740 πεζοῦ
531 2668 582 2728 οῦκ
604 2670 643 2727 ἔα·
665 2667 712 2727 ἐπὶ
735 2666 848 2743 Βάρκην
870 2667 925 2749 γὰρ

120 2751 318 2832 ἀποσταλῆναι
331 2758 437 2835 μούνην
454 2756 610 2833 Ἑλληνίδα
626 2754 722 2816 πόλιν·
747 2758 775 2816 ἐς
790 2753 807 2813 ὃ
823 2754 924 2823 διεξελ-

120 2841 204 2901 θοῦσι
226 2845 271 2902 καὶ
287 2846 439 2923 ἱζομένοισι
458 2846 504 2903 ε’πὶ
521 2844 590 2907 Διδς
602 2843 726 2903 Λυκαίου
743 2839 830 2920 ὄχθον
846 2868 925 2919 μετε-

119 2930 232 3005 μέλησέ
247 2939 304 3009 σφι
322 2933 355 2992 ού
369 2938 476 3013 σχοῦσι
494 2932 546 3008 τήν
565 2930 704 3009 Κυρήνην,
719 2931 765 2990 καὶ
778 2934 926 3007 ἐπειρῶντο

119 3015 153 3077 τδ
170 3017 296 3097 δεύτερον
316 3024 443 3099 παριέναι
461 3027 488 3084 ε’ς
507 3020 604 3097 αύτήν·
626 3023 652 3079 οἱ
669 3019 699 3079 δὲ
716 3022 869 3097 Κυρηναῖοι
892 3018 925 3079 ού

119 3106 279 3184 περιάρεον.
309 3114 396 3169 τοῖσι
414 3109 444 3167 δὲ
465 3110 606 3187 Πέρσησι,
625 3106 735 3172 ούδενδς
752 3108 923 3187 μαχομένου,

120 3192 216 3268 φόβος
243 3196 366 3256 ε’νέπεσε·
401 3196 609 3274 ἀποδραμόντες
634 3222 665 3256 τε
692 3195 762 3257 ὅσον
789 3194 924 3272 ἑξήκοντα

120 3278 232 3351 στάδια,
252 3283 353 3352 ἶζοντο·
381 3283 517 3358 ἱδρυθέντι
537 3284 567 3342 δὲ
582 3287 621 3361 τῷ
638 3284 819 3363 στρατοπέδῳ
835 3282 923 3362 ταύτῃ
951 3290 956 3297 “
