2150 3500
178 113 228 162 184
490 113 675 164 ἨΡΟΔΟΤΟΤ
937 109 989 172 [Π.

179 194 336 272 λαμβάνων
351 197 455 273 ἔμελλε
472 194 603 273 διαχέειν.
643 191 663 270 ἦ
679 191 733 270 μέν
748 217 797 252 νυν
813 191 905 268 λίμνη
917 190 990 268 αὕτη

179 281 251 342 οὕτω
263 285 377 363 λέγεται
390 283 553 361 ὀρυχθῆναι.

134 371 190 430 151
220 370 282 431 Τῶν
295 372 325 430 δὲ
337 370 458 430 δυόδεκα
475 369 622 448 βασιλέων
638 367 799 447 δικαιοσόιη
812 366 989 446 χρεωμένων,

180 457 234 519 ἀνά
247 459 351 539 χρόνον
369 459 406 523 οἷς
422 460 526 520 ἔθυσαν
539 463 569 518 έν
580 461 619 538 τῷ
634 460 682 536 ἱρῷ
698 459 748 516 τοῦ
760 455 940 532 Ἡφαίστου,
953 481 989 534 τη

178 546 289 627 άστάτη
304 551 355 624 τῆς
372 547 456 624 ὁρτῆς
472 545 634 624 μελλόντων
651 545 861 613 κατασπείσειν,
877 541 988 623 ὁάρχι-

178 634 242 712 ρεθς
254 636 371 705 ε’ξένεικέ
383 640 440 711 σφι
450 633 557 709 φιάλας
568 632 692 713 χρυσέας
702 631 784 712 (τῇσί
795 655 849 708 περ
861 629 989 690 ἐώθεσαν

179 722 322 804 σπένδειν)
347 721 479 800 άμαρτιδν
504 725 555 781 τοῦ
585 711 706 797 άριθμσῦ
736 718 833 779 ένδεκα
862 716 988 777 δυόδεκα

180 813 269 870 έσῦσι·
310 810 429 871 ένθαΰτα
454 808 490 874 οἷς
516 808 568 870 οὐκ
598 808 657 887 εἶχε
686 805 794 884 φιάλην
820 805 837 866 ό
864 805 988 884 ἔσχατος

179 897 281 961 ἔστεαλς
298 897 389 959 αὐτῶν
405 896 594 976 Ψαμμίτιχος,
607 894 803 974 περιελόμενος
819 891 874 970 τήν
887 893 987 969 κυνέην

180 988 283 1045 έοῦσαν
300 986 425 1066 χαλκέην
436 985 546 1064 ὗπέσχε
560 1010 592 1044 τε
611 985 657 1042 καὶ
672 982 796 1042 ἔσπενδε.
840 982 940 1044 κυνέας
957 982 986 1040 δὲ

179 1073 225 1130 καὶ
239 1076 266 1133 σί
278 1072 365 1133 ἄλλοι
378 1071 498 1136 άπαντες
514 1071 633 1148 ἐφόρεόν
647 1097 679 1131 τε
694 1070 831 1146 βασιλέες
844 1069 893 1129 καὶ
906 1068 985 1150 ἔτιίγ
1053 1103 1054 1120 ι

178 1185 266 1239 χανον
290 1160 356 1222 τότε
378 1162 497 1240 ἔχοντες.
537 1158 716 1238 Ψαμμίτιχος
737 1158 791 1235 μέν
815 1181 866 1218 νυν
894 1156 985 1217 οὐδενὶ

179 1248 285 1330 δολερῷ
296 1249 350 1328 νόῳ
362 1248 526 1329 χρεόμενος,
539 1247 649 1326 άπέσχε
661 1247 713 1322 την
731 1246 838 1322 κυνέην·
867 1248 896 1306 οἶ
909 1245 941 1304 δὲ
954 1250 984 1305 έν

179 1339 262 1414 φρενὶ
275 1337 414 1414 λαβόντες
426 1336 460 1397 τό
473 1361 504 1397 τε
518 1336 636 1411 ποιηθὲν
649 1339 679 1394 ἐκ
694 1332 875 1412 Ψαμμιτίχσυ
889 1334 936 1392 καὶ
948 1333 983 1393 τό

178 1424 352 1504 χρηστήριον
378 1423 395 1485 ὅ
420 1450 449 1484 τι
469 1421 603 1502 έκέχρητό
623 1427 688 1499 σφι,
698 1421 751 1483 τόν
770 1421 880 1502 χαλκέῃ
901 1423 983 1482 σπεί-
1008 1421 1010 1424 ’

179 1538 270 1573 σαντα
284 1512 373 1574 αὐτῶν
383 1511 475 1591 φιάλη
488 1516 588 1572 τοῦτον
600 1509 728 1588 βασιλέα
745 1509 862 1571 ἔσεσθαι
876 1514 982 1586 μοῦνον

178 1597 330 1680 Αίγίππου,
346 1599 570 1677 ἀναμνησθέντες
584 1602 635 1660 τοῦ
651 1599 791 1676 χρησμοῦ,
806 1599 911 1658 κτεῖναι
927 1600 981 1674 μὲν

178 1684 229 1746 οὔκ
246 1687 411 1746 ἐδικαίωσαν
429 1687 617 1766 Ψαμμίτιχον,
632 1684 668 1749 ὦς
683 1683 846 1762 ἀνεύρισκον
858 1679 980 1761 βασανί-

178 1774 272 1846 ζοντες
285 1776 316 1845 ἐξ
328 1774 457 1853 οὐδεμιῆς
473 1776 605 1853 προνοίης
619 1772 703 1834 αὐτόν
717 1772 887 1849 ποιήσαντα·
909 1779 937 1838 ἒς
950 1775 981 1835 δὲ

177 1861 214 1921 ταὶ
233 1862 300 1921 έλεα
321 1862 398 1933 ἔδοξέ
413 1870 470 1940 σφι
487 1862 590 1932 διῶξαι,
607 1861 786 1945 ψιλώσαντας
801 1860 838 1922 τά
854 1865 980 1923 πλεῖστα

179 1953 230 2026 τῆς
249 1948 389 2029 δυνάμιος·
410 1956 441 2011 ἔκ
453 1951 485 2011 δὲ
502 1955 559 2011 τῶν
575 1950 660 2010 ἑλέων
676 1948 851 2027 άρμειίμενον
862 1950 905 2027 μὴ
921 1955 979 2011 έπι-

131 2038 189 2097 152
198 2038 353 2120 μίσγεσθαι
366 2043 402 2119 τῇ
414 2038 491 2117 άλλη
505 2037 645 2119 Αἰγύπτῳ.
686 2036 744 2098 Τόν
756 2037 787 2097 δὲ
799 2040 980 2119 Ψαμμίτιχον

177 2128 278 2187 τοῦτον
303 2126 440 2204 πρότερον
467 2125 608 2206 φεύγοντα
626 2124 677 2186 τόν
695 2126 819 2185 Αἰθίοπα
839 2128 980 2202 Σαβακῶν

179 2212 211 2277 ὅς
224 2217 251 2274 οἱ
262 2214 313 2275 τόν
326 2215 433 2292 πατέρα
448 2214 547 2274 Νεκαλν
561 2212 712 2282 άπέκτεινε,
723 2216 824 2273 τοῦτον
837 2214 978 2296 φεύγοντα

176 2301 242 2361 τότε
268 2307 296 2365 ές
316 2302 427 2379 Συρίην,
448 2302 483 2365 ὦς
509 2300 685 2379 άπαλλάχθη
705 2304 735 2359 ἔκ
757 2304 809 2376 τῆς
828 2300 909 2379 ὄψιος
927 2311 979 2363 τοῦ

177 2386 285 2463 ὀνείρου
302 2386 318 2447 ό
336 2390 448 2466 Αίθίσψ,
464 2388 624 2470 κατήγαγον
639 2388 797 2469 Αἰγυπτίων
813 2386 890 2449 οὗτοι
907 2390 934 2451 οἳ
947 2396 978 2451 εἰε

177 2478 264 2550 νομοῦ
283 2477 335 2534 τοῦ
354 2474 461 2539 Σαίτειό
480 2480 546 2536 εἰσι·
573 2474 644 2551 μετά
665 2474 703 2546 δὲ,
723 2476 924 2552 βασιλεύοντα,
943 2482 978 2539 τά
1052 2548 1053 2557 γ

178 2560 305 2638 δεότερσν
319 2561 391 2638 πρός
409 2565 465 2623 τῶν
485 2563 581 2623 ἕνδεκα
598 2563 745 2639 βασιλέων
765 2566 978 2642 καταλαμβάνει

176 2672 226 2725 μιν
252 2646 298 2708 διά
317 2648 370 2725 την
390 2650 487 2727 κυνέην
507 2649 622 2731 φεύγειν
642 2655 670 2714 ές
689 2650 725 2711 τά
746 2651 822 2711 έλεα.
864 2654 978 2713 ἐπιστά-

176 2761 259 2813 μενος
272 2735 310 2798 &v
324 2736 359 2801 αἶς
371 2739 607 2816 περιυβρισμένος
620 2739 662 2815 εἴη
675 2736 745 2816 πρός
757 2736 856 2811 αὖτῶν,
866 2730 977 2801 ’ἐπενόεε

177 2824 315 2887 τίσασθαι
333 2823 399 2889 τοῦς
418 2825 577 2895 διόξαντας·
600 2826 743 2904 πέμψαντι
762 2826 795 2885 δέ
813 2830 841 2886 σί
861 2831 888 2891 ἒς
908 2834 975 2888 Bou»

176 2915 244 2972 τοΐν
262 2912 349 2973 πόλιν
368 2918 396 2976 ές
414 2911 448 2972 τό
468 2912 642 2991 χρηστήριον
661 2917 712 2988 τῆς
725 2915 843 2988 Λητοῦς,
859 2914 925 2975 ἔνθα
941 2914 976 2992 δη

178 2998 361 3079 Αἰγυπτίοισί
391 3004 453 3059 ἔστι
485 2998 620 3074 μαντήϊον
657 2997 873 3075 ἀψευδέστατον,
905 3000 977 3077 ἦλθε

178 3085 306 3161 χρησμός
333 3084 370 3149 οἷς
393 3085 468 3147 τίσις
493 3083 554 3159 ἥξει
582 3082 639 3143 α’πό
671 3085 822 3161 θαλάσσης
849 3089 977 3166 χαλκέωι·

177 3167 285 3247 άνδρῶν
297 3172 494 3247 ἐπιφανέντων·
515 3170 612 3247 καὶτῷ
624 3171 676 3244 μὲν
686 3171 720 3246 δή
734 3171 852 3249 άπιστίη
864 3175 976 3255 μεγάλη

178 3252 341 3334 ὖπεκέχυτσ,
368 3257 505 3336 χαλκέους
530 3256 559 3313 οἱ
578 3253 679 3331 ἄνδρας
704 3255 781 3332 ἥξειν
804 3259 974 3337 ἐπικούρους·
