2150 3500
192 115 245 165 ιιι
415 114 417 118 ’
503 114 690 164 Ἢυοιουου,
799 121 802 126 ·
937 115 1000 178 [ιν.

189 193 243 269 τὴν
261 191 390 270 άπορίην·
410 191 477 251 ἀλλ’
498 191 532 252 οὗ
551 191 608 272 γάρ
629 191 721 252 ἔπειθε
741 192 954 270 συμβουλεύων
975 196 1002 254 οἱ

191 279 343 360 χρηστά,ό
364 282 416 356 μὲν
436 278 615 349 ἐπέπαυτο,ό
634 279 672 353 δὲ,
691 278 786 354 ἐπειδή
803 283 830 338 οἱ
848 280 885 339 τά
905 280 1002 341 πάντα
1062 323 1063 326 =

190 367 412 444 παρεσκεύαστο,
436 367 570 442 ἐξήλαυνε
596 366 646 426 τόν
668 366 792 444 στρατόν
813 371 844 426 ἑκ
870 367 1002 431 Σούσων.
1062 379 1063 388 ³

143 459 183 517 84
191 455 329 516 Ἐνθαΰτα
348 458 403 515 τῶν
423 456 558 531 Περσέων
578 453 720 531 Οἰόβαζος
742 453 843 529 ἐδεήθη
864 457 1002 531 Δαρείου,

190 547 272 619 τριῶν
288 543 387 603 ἐόντων
404 543 554 604 οἶπαίδων
572 542 618 600 καί
634 541 744 602 πάντων
757 544 1003 619 στρατευομένων,

192 631 240 690 ἑνα
266 629 339 709 αὐτῷ
365 631 597 707 καταλειφθῆναι·
626 629 643 689 ό
669 629 701 688 δέ
723 632 751 688 οἱ
771 630 836 704 ἔφη,
861 628 899 694 ῶς
922 632 1003 711 φίλῳ

193 717 265 778 ἐόντι
278 717 324 776 καὶ
337 718 455 794 μετρίων
467 717 588 796 δεομένῳ
600 715 706 780 πάντας
718 715 783 780 ταῶς
795 716 901 780 παῖδας
916 743 1002 778 κατα-

191 806 308 883 λείψειν·
330 805 346 865 ό
361 808 414 882 μὲν
431 805 466 881 δὴ
486 804 629 880 Οἰόβαζος
646 803 800 883 περιχαρής
817 803 855 880 ἦν
876 807 1003 878 ἐλπίζων

190 892 349 956 τοῶςυὶέας
369 893 521 969 στρατηίης
542 891 748 962 ἀπολελύσθαι,
767 891 785 951 ὅ
808 891 839 950 δὲ
864 893 1003 954 ἐκέλευσε
1062 891 1063 894 ¹

190 979 255 1043 τούς
267 981 314 1040 ἐπὶ
325 978 428 1040 τούτων
442 983 616 1043 ἐπεστεῶτας
629 978 790 1039 οἶποκτεῖναι
804 978 918 1044 πάντας
935 981 1003 1045 τούς

194 1067 340 1144 Οἰοβάζου
352 1067 462 1130 παῖδας·
476 1067 523 1126 καὶ
537 1063 615 1126 οὗτοι
624 1069 676 1144 μὲν
686 1065 905 1147 ἀποσφαγέντες
912 1066 1004 1130 ου’τοῶ

192 1154 279 1234 ταύτῃ
293 1156 433 1215 ἐλίποντο.

144 1247 183 1305 85
233 1247 352 1321 Δαρεῖος
361 1243 391 1302 δὲ
401 1242 464 1302 ἐπεί-
470 1267 501 1302 τε
510 1242 695 1320 πορευόμενος
705 1247 735 1303 ἑκ
750 1241 867 1307 Σούσων
878 1242 1003 1308 άπίκετο

190 1338 242 1408 τῆς
261 1332 458 1411 Καλχηδονίης
477 1330 524 1389 ἐπὶ
543 1330 594 1392 τόν
614 1330 764 1408 Βόσπορον
786 1331 831 1390 ἵνα
848 1331 966 1402 ἔζευκτο
983 1338 1003 1409 ἦ

191 1421 309 1500 γέφυρα,
319 1421 442 1480 ἐνθεῦτεν
453 1417 544 1493 ε’σβῶς
553 1423 582 1480 ἐς
593 1419 642 1478 νέα
652 1419 734 1478 ἔπλεε
748 1419 793 1477 ἐπὶ
802 1417 853 1482 τάς
867 1422 1004 1485 Κυανέας
1062 1461 1063 1466 =

192 1509 371 1583 καλευμένας,
383 1505 434 1569 τάς
446 1503 584 1582 πρότερον
598 1504 745 1586 πλαγκτάς
758 1503 903 1580 Ἕλληνές
923 1511 1002 1581 φασι
1062 1531 1063 1534 ’

193 1593 272 1652 εἶναι·
293 1593 420 1668 ἑζόμενος
439 1593 470 1652 δὲ
490 1592 536 1651 ἐπὶ
556 1595 595 1670 τῷ
607 1587 664 1670 Ιἱρῷ
680 1592 787 1668 ε’θηεῖτο
804 1590 856 1651 τόν
872 1592 1001 1664 Πόντον,

191 1678 273 1739 ἐόντα
292 1679 463 1755 ἀξιοθέητον·
487 1673 633 1762 πελαγέων
655 1678 711 1762 γάρ
734 1677 862 1738 ἁπάντων
883 1681 1003 1757 πέφυκε
1062 1756 1063 1759 ¹

191 1766 432 1844 θαυμασιώτατος·
452 1772 503 1827 ποῶ
518 1767 552 1827 τό
570 1769 622 1845 μὲν
634 1773 723 1843 μῆκος
736 1766 851 1827 στάδιοί
862 1770 924 1829 εἰσι
938 1772 1001 1829 ἑκα-
1062 1768 1063 1777 ’

190 1852 240 1914 τόν
260 1855 306 1913 καὶ
322 1855 412 1933 χίλιοι
429 1856 476 1913 καὶ
487 1854 591 1933 μύριοι,
604 1853 637 1916 τδ
652 1856 681 1913 δὲ
695 1854 780 1932 εὖρος,
793 1857 831 1933 τῇ
845 1853 1002 1931 εὐρύτατος

171 1940 274 2006 οὗτός
299 1945 408 2017 ἑωυτοῦ,
433 1942 545 2003 στάδιοι
570 1941 726 2019 τριηκόσιοι
753 1942 799 2000 καὶ
824 1944 1000 2022 τρισχίλιοι.
1062 2004 1063 2013 ,

190 2030 290 2092 τούτου
306 2034 357 2093 τοῦ
372 2030 510 2111 πελάγεος
526 2028 561 2090 τό
579 2030 674 2107 στόμα
690 2030 752 2091 ἐστὶ
768 2024 847 2107 εὖρος
859 2031 1001 2110 τέσσερες
1062 2020 1063 2067 3

191 2119 311 2190 στάδιοι,
332 2112 422 2195 μῆκος
442 2120 473 2177 δὲ
492 2116 555 2199 [τοῦ
576 2116 730 2199 στόματος]
753 2116 769 2177 ό
790 2116 883 2195 αὐχὴν
905 2118 943 2181 τδ
965 2121 999 2197 δὴ

192 2206 341 2285 Βόσπορος
355 2208 493 2283 κέκληται,
507 2202 565 2265 κατ’
579 2204 595 2265 δ
609 2206 644 2281 δη
658 2206 765 2277 ἔζευκτο
778 2204 797 2281 ἦ
810 2206 938 2286 γέφυρα,
953 2210 999 2269 ἐπὶ

192 2296 323 2359 σταδίους
343 2296 433 2355 εἴκοσι
455 2294 502 2352 καὶ
524 2292 623 2355 ἑκατόν
643 2298 714 2354 ἐστι·
740 2293 822 2353 τείνει
846 2292 871 2352 δ’
893 2299 927 2358 ἐς
948 2296 999 2373 τῆν

191 2382 371 2457 Προποντίδα
392 2381 411 2441 ὁ
431 2380 637 2458 Βόσπορος-ἦ
661 2380 690 2439 δὲ
714 2380 882 2458 Προποντὶς,
908 2386 998 2444 ἐοῦσα

189 2465 267 2542 εὖρος
276 2471 328 2543 μὲν
338 2468 458 2527 σταδίων
467 2461 657 2528 πεντακοσίων
666 2471 755 2543 μῆκος
764 2468 794 2527 δὲ
803 2472 998 2545 τετρακοσίων

189 2554 235 2611 καὶ
257 2555 365 2632 χιλίων,
387 2554 531 2616 καταδιδοῖ
552 2560 581 2619 ἐς
603 2555 654 2617 τόν
672 2554 891 2632 Ἑλλήσποντον
915 2557 997 2618 ε’όντα
1062 2600 1063 2649 η

188 2640 344 2718 στεινότητι
352 2643 405 2718 μὲν
417 2641 488 2703 ἑπτά
499 2642 630 2706 σταδίους
641 2646 730 2721 μῆκος
740 2642 770 2701 δὲ
781 2646 995 2719 τετρακοσίους·

189 2728 291 2789 ἐκδιδοῖ
306 2730 337 2789 δὲ
355 2729 372 2790 ό
392 2729 607 2805 Ἑλλήσποντος
629 2735 657 2795 ἑς
675 2728 778 2809 χάσμα
794 2730 942 2813 πελάγεος
961 2734 995 2794 τό

139 2815 221 2889 ὃθδη
242 2820 360 2897 Αἰγαῖον
379 2818 514 2877 καλέεται.
557 2817 750 2897 (Μεμέτρηται
770 2816 911 2879 δὲταῦτα
930 2817 993 2880 ‹38:-

186 2905 253 2974 νηῦς
275 2903 377 2962 ἐπίπαν
401 2902 532 2979 μάλιστά
552 2928 589 2977 κη
609 2902 738 2963 κατανόει
758 2908 788 2963 ἐν
810 2908 994 2987 μακρημερίῃ

187 2983 299 3063 ὀργυιάς
310 2990 535 3066 ἑπτακισμυρίας,
550 2988 647 3052 νυκτός
663 2990 693 3047 δὲ
706 2989 916 3068 ἑξακισμυρίας·
938 2992 993 3071 ἤδη

185 3066 222 3126 ῶν
236 3074 263 3131 ἐς
274 3073 431 3152 μένλΦάσιν
442 3073 499 3132 άπδ
511 3078 562 3132 τοῦ
576 3074 842 3151 στόματος-τοῦτο
851 3071 915 3158 Ιγάρ
929 3084 992 3140 ἑστι

181 3155 232 3209 τοῦ
245 3155 356 3214 Πόντου
369 3158 709 3237 μακρότατον-ἡμερέων
722 3162 801 3221 ἐννέα
818 3158 914 3229 πλόος
927 3167 991 3227 ἐστὶ
1062 3188 1063 3195 ’

181 3233 227 3288 καὶ
238 3242 343 3297 νυκτῶν
356 3240 439 3300 όκτῶ·
459 3240 541 3301 αὗται
560 3244 656 3304 ἑνδεκα
672 3246 804 3323 μυριάδες
820 3250 868 3309 καὶ
887 3252 991 3313 ἑκατὸν
