2150 3500
197 133 242 182 ιω
511 133 686 182 ΗΡοΔουοτ
952 130 1002 196 [11

193 214 249 289 τῶν
261 210 404 288 προτέρων
415 201 563 286 βασιλέων
576 208 708 270 δεδόσθαι
721 208 879 287 ἐξαιρέτους
892 207 1005 288 ἑκάστῳ

195 297 316 357 δυόδεκα
336 296 464 374 ἀρούρας·
485 295 556 372 μετά
581 296 618 366 δὲ,
643 296 685 355 ἐπ’
709 297 854 376 Αἴγυπτον
877 296 1005 357 ἐλαύνειν

195 384 319 462 στρατόν
336 385 427 465 μέγαν
444 383 644 462 Σαναχάριβον
663 384 791 460 βασιλέα
805 383 956 462 Ἀραβίων
972 409 1005 444 τε

195 474 243 533 καὶ
264 473 434 550 Ἀσουρίων·
471 470 559 532 ούκων
582 470 616 546 δὴ
641 472 748 532 ἐθέλειν
769 471 836 534 τούς
859 472 1005 550 μαχίμους

193 565 249 623 τῶν
275 562 433 643 Αἰγυπτίων
456 559 597 636 βοηθέειν,
620 557 671 620 τόν
691 559 722 618 δὲ
743 559 804 636 ἱρέα
825 563 855 622 ές
880 559 1005 635 ἀπορίην

194 649 388 726 ἀπειλημένον,
399 645 556 708 ἐσελθόντα
566 651 594 709 ἐς
602 645 635 706 τδ
644 647 768 727 μέγαρον
780 645 854 724 πρός
861 643 1005 726 τῶγαλμα

193 736 384 814 ἀποδύρεσθαι
404 736 450 795 οἶα
470 733 618 794 κινδυνεύει
637 734 760 794 παθέειν·
784 733 1005 812 ὀλοφυρόμενον

194 823 218 884 δ’
238 822 293 901 άρα
312 848 361 899 μιν
380 823 509 883 ἐπελθεῖν
528 821 624 892 ὕπνον,
639 822 687 882 καί
706 823 733 881 οἱ
753 820 831 890 δόξαι
848 825 879 882 ἐν
894 825 936 899 τῇ
952 820 1005 900 ὄψι

193 910 346 972 ἐπιστάντα
368 910 418 971 τόν
441 909 507 971 θεόν
529 905 686 987 θαρσύνειν,
708 908 744 972 εύς
766 907 847 968 οὐδὲν
869 911 1005 970 πείσεται

194 997 279 1078 ἄχαρι
299 997 433 1069 ἀντιάζων
451 997 502 1058 τάν
520 996 665 1074 Ἀραβίων
685 995 818 1074 στρατόν·
839 996 928 1060 αύτδς
946 997 1005 1078 γάρ

194 1089 222 1146 οἱ
233 1087 354 1164 πέμψειν
367 1084 513 1163 τιμωρούς·
533 1084 661 1144 τούτοισι
678 1083 712 1160 δή
725 1110 774 1161 μιν
786 1084 911 1146 πίσυνον
923 1089 1006 1146 τοῖσι

194 1175 355 1248 ἐνυπνίοισι,
380 1171 588 1250 παραλαβόντα
614 1172 772 1253 Αἰγυπτίων
797 1171 863 1234 τούς
889 1173 1004 1248 βουλο-

193 1262 293 1339 μένους
305 1264 332 1322 οἶ
346 1261 464 1321 ἔπεσθαι
476 1259 775 1338 στρατοπεδεύσασθαι
788 1263 817 1320 έν
830 1261 1006 1340 Πηλουσίῳ·

192 1351 280 1429 ταύτῃ
305 1348 361 1431 γάρ
388 1352 444 1409 εύσι
470 1351 500 1408 αἱ
526 1347 660 1424 ἐσβολαί·
692 1347 810 1408 ἔπεσθαι
835 1346 869 1406 δέ
891 1350 923 1406 οἱ
947 1353 1007 1409 τιῖιν

193 1440 324 1518 μαχίμων
336 1439 389 1514 μὲν
402 1434 500 1496 ούδένα
513 1433 627 1512 ἀνδρῶν,
641 1433 785 1510 καπήλους
797 1432 828 1492 δὲ’
840 1433 887 1493 καὶ
901 1435 1010 1513 χειρεύ·Ι

192 1550 293 1589 νακτας
316 1524 362 1583 καὶ
385 1521 534 1605 ἀγοραίους
556 1521 726 1600 ἀνθρώπους·
756 1521 875 1582 ἐνθαῦτα
900 1520 1007 1584 ἀπικο-

191 1614 291 1689 μένους
307 1614 385 1670 τοῖσι
403 1610 554 1672 ἐναντίοισι
570 1609 682 1670 αὐτοῖσι
700 1609 881 1718 ἐπιχυθέντας
899 1611 1008 1676 νυκτὸς

190 1703 245 1778 μῦς
251 1697 421 1808 ἀρουραίους
434 1699 505 1759 κατοὶ
517 1700 570 1777 μὲν
586 1699 702 1781 φαγεειν
718 1696 785 1761 τούς
800 1702 1007 1775 φαρετρεῶνας

192 1787 290 1858 αὐτῶν,
310 1811 380 1845 κατα
371 1784 484 1845 δὲ
448 1811 522 1847 τατ
504 1786 582 1858 τόξα,
602 1785 674 1865 πρδς
694 1785 781 1847 δε
741 1812 797 1847 των
812 1784 1007 1848 ἀσπίδων
965 1814 1008 1849 τα

164 1907 166 1910 ·
191 1873 290 1955 ὄχανα,
303 1872 377 1935 ὥστε
393 1876 429 1953 τῇ
447 1872 582 1953 ύστεραίη
598 1873 757 1955 φευγόντων
772 1873 870 1949 σφέων
881 1879 1008 1953 γυμνῶν

125 2026 129 2035 ‚
191 1961 311 2045 [ὅπλων]
332 1963 445 2023 πεσέειν
464 1960 600 2025 πολλούς.
642 1962 688 2020 καὶ
707 1965 756 2022 νῦν
776 1959 889 2034 οὗτοςᾷ
909 1964 1007 2037 βασι-

190 2050 256 2116 λεύς
269 2052 370 2130 ἔστηκε
388 2054 419 2111 ἐν
435 2053 474 2129 τῷ
493 2052 541 2128 {pff
556 2051 607 2109 τοῦ
624 2046 787 2125 Ἡφαίστου
802 2049 914 2113 λίθινος
929 2051 1007 2130 ἔχων

190 2140 237 2200 ε’πὶ
248 2143 299 2216 τῆς
311 2138 405 2219 χειρός
420 2141 483 2215 μῦν,
496 2138 587 2215 λέγων
600 2134 646 2195 διαὶ
662 2134 833 2217 γραμμάτων
845 2135 926 2197 τάδε·
948 2142 1007 2205 ΕΣ

189 2234 272 2288 ΕΜΕ
288 2229 351 2292 TI}
367 2226 508 2286 ΟΡΕΩΝ
523 2224 705 2289 ΕΥΣΕΒΗΣ
720 2224 829 2289 ΕΣΊῺ.

147 2317 202 2373 142
230 2314 278 2379 Ἐς
297 2317 350 2393 μὲν
368 2312 486 2375 τοσόνδε
503 2338 555 2374 του
541 2311 665 2395 λόγου
675 2310 836 2423 Αἰγύπτιοί
848 2336 880 2373 τε
898 2314 952 2375 καὶ
975 2318 1008 2376 οἱ

193 2402 262 2478 ἱρέες
279 2404 385 2483 ἔλεγον,
401 2398 645 2465 ἀποδεικνύντες
627 2398 684 2461 απά
703 2403 754 2459 τοῦ
774 2424 886 2477 πρωτου
907 2403 1007 2478 βασι·

190 2488 290 2550 λέος’
276 2513 304 2551 ες
323 2492 374 2547 τοῦ
393 2486 608 2564 Ηφαίστου
575 2514 625 2549 τον
641 2488 701 2566 ἱρεα
721 2490 822 2549 τοῦτον
836 2512 887 2549 τον
900 2494 1008 2551 τελευ-

189 2577 269 2635 ταῖον
284 2573 500 2653 βασιλεύσαντα
516 2576 585 2653 μίαν
603 2600 635 2636 τε
655 2575 703 2635 καὶ
716 2574 930 2653 τεσσεράκοντα
951 2581 1008 2639 καὶ

188 2662 351 2741 τριηκοσίας
368 2660 518 2739 ἀνθρώπων
535 2662 632 2745 γενεάς
649 2664 807 2745 γενομένας,
821 2664 868 2723 καὶ
886 2668 920 2724 ἔν
931 2667 1007 2727 ταύ-

188 2776 257 2831 τῃσι
282 2750 414 2831 ἀρχιρέας
439 2750 486 2810 καὶ
506 2751 648 2829 βασιλέας
674 2752 819 2829 ἑκατέρους
839 2752 1008 2820 τοσούτους

190 2839 364 2919 γενομένους.
406 2839 510 2899 καίτοι
527 2837 686 2915 τριηκόσιαι
703 2841 756 2916 μὲν
773 2838 880 2916 ἀνδρῶν
898 2844 1007 2920 γενεαὶ
1058 2894 1059 2897 ,

189 2927 317 2987 δυνέαται
328 2927 415 3005 μύρια
427 2927 498 2985 ἔτεα·
514 2926 607 3007 γενεαὶ
619 2924 675 3007 γάρ
688 2929 763 3003 τρεῖς
775 2926 881 3004 ἀνδρῶν
894 2929 1008 2991 ἔκατδν

189 3012 252 3073 έτεά
264 3019 336 3075 ε’στυ
355 3018 421 3091 μιῆς
434 3013 464 3071 δὲ
477 3014 524 3071 καὶ
537 3012 746 3088 τεσσεράκοντα
763 3014 803 3074 ’έτι
817 3016 873 3073 τῶν
886 3018 1007 3077 ε’πιλοί·

187 3125 249 3160 πων
270 3101 392 3182 γενεέων,
419 3125 450 3158 αι
476 3102 587 3173 ε’πῆσαν
616 3102 684 3177 τῇσι
712 3102 902 3180 τριηκοσίῃσι,
933 3104 1007 3164 ἔστι
1058 3104 1059 3117 ’

186 3186 396 3264 τεσσεράκοντα
415 3185 462 3245 καὶ
478 3208 627 3262 τριηκοσια
646 3211 692 3246 και
682 3186 821 3267 χίλια
807 3212 879 3248 ετεα.
923 3189 1007 3251 οὕτω

188 3266 219 3329 ἒν
235 3273 363 3349 μυρίοισί
377 3297 409 3333 τε
428 3272 503 3332 ἔτεσι
521 3295 568 3329 και
557 3270 706 3349 χιλίοισι
724 3276 772 3334 καὶ
791 3274 862 3353 πρός
880 3300 1013 3354 τρεηκο-.
