2150 3500
179 110 228 158 τοο
481 102 665 155 Ἡτοιοτου
907 96 979 163 [111

179 184 382 263 ἀπολομένοισι
401 185 455 245 σύν
473 188 511 263 τῇ
529 184 585 259 νηΐ·
614 184 702 243 ταῦτα
720 181 775 264 γάρ
795 180 935 241 ἐδίκασαν
953 184 982 241 οἶ

180 274 331 352 βασιλήῖοι
358 272 497 342 δικασταὶ,
526 270 597 349 ύπέρ
629 268 727 348 ἀνδρός
755 269 878 331 ἑκάστου
913 270 982 330 δέκα

180 363 337 443 Αἰγυπτίων
354 364 409 421 τῶν
427 359 544 437 πρώτων
560 356 804 418 ἀνταπόλλυσθαι·
832 357 896 417 ὁδέ
916 357 982 417 ἰδοίν

179 449 367 528 παρεξιόντας,
388 449 434 507 καί
456 446 554 525 μαθάν
574 446 623 507 τάν
644 446 732 506 παῖδα
752 444 909 527 τ’γεόμενον
934 446 981 505 ἐπὶ

181 538 308 607 θάνατον,
323 540 378 597 τῶν
394 533 490 595 ἀλλων
507 534 666 616 Αἰγυπτίων
680 538 735 594 τῶν
752 534 982 610 περικατημένων

180 624 264 687 αύτάν
277 624 427 685 κλαιόντων
439 623 486 682 καὶ
499 622 574 682 δεινιί
586 620 742 691 ποιεύντων,
754 618 845 680 τάυτά
859 621 981 697 ἐποίησε

180 713 213 774 τό
227 713 273 772 καὶ
286 713 332 771 ἐπὶ
345 715 381 789 τῇ
394 710 518 793 θυγατρί.
552 708 747 787 παρελθόντων
760 708 790 767 δέ
803 707 980 779 καὶτούτων,

181 800 323 877 συνήνεικε
343 798 416 859 ὥστε
436 803 491 858 τῶν
510 796 676 875 συμποτέων
691 797 719 855 οἱ
735 793 822 873 ἀνδρα
842 793 981 872 ἀπηλικέ-

180 913 289 965 στερον,
304 884 498 948 ἐκπεπτωκότα
510 890 541 945 ἐκ
552 888 608 945 τῶν
620 883 726 953 ἐόντων,
740 881 840 961 έχοντά
852 907 886 942 τε
899 883 984 945 ούδέν

181 980 206 1036 εἰ
219 975 260 1053 μή
276 974 333 1036 ὅσα
352 974 463 1053 πτωχός
481 973 528 1033 καὶ
544 971 747 1050 προσαιτέοντα
762 969 815 1046 την
829 971 979 1048 στρατιὴν,

180 1063 307 1140 παριέναι
326 1060 508 1139 Ψαμμήνιτόν
526 1086 559 1121 τε
577 1057 775 1135 τάνἈμάσιος
795 1058 843 1118 καί
861 1057 933 1123 τούς
952 1065 983 1120 ἐν

180 1154 219 1229 τῷ
242 1150 399 1229 προαστείῳ
424 1149 593 1226 κατημένους
616 1151 672 1208 τῶν
697 1146 866 1227 Αἰγυπτίων·
904 1146 924 1207 ὁ
951 1148 983 1207 δὲ

181 1237 361 1317 Ψαμμήνιτος
381 1237 416 1301 ὥς
433 1235 484 1307 ἴδε,
496 1234 675 1298 ἀνακλαύσας
693 1234 766 1314 μέγα
785 1235 832 1293 καί
852 1236 984 1299 καλέσας

182 1326 315 1405 οὐνόματι
326 1326 375 1387 τάν
393 1328 508 1402 ἑταῖρον,
522 1323 664 1399 ἐπλήξατο
678 1321 731 1397 την
743 1321 881 1398 κεφαλήν·
902 1322 984 1399 ἦσαν

182 1415 206 1475 δ’
225 1413 279 1494 ἀρα
306 1413 390 1475 αύτοῦ
416 1412 548 1490 φύλακοι,
569 1410 596 1470 οἰ
614 1409 648 1470 τό
673 1408 836 1486 ποιεύμενον
863 1414 925 1470 πᾶν
952 1412 987 1482 ἐξ
1033 1448 1035 1452 ·

181 1505 286 1563 ἐκείνου
299 1502 340 1563 ἐπ’
353 1502 457 1581 ἐκάστη
469 1500 553 1580 ἐξόδῳ
566 1497 714 1576 Καμβύσῃ
727 1496 887 1574 ἐσήμαινον·
911 1500 983 1559 θωυ-

182 1590 276 1668 μάσας
296 1591 325 1649 δὲ
345 1589 361 1651 ὁ
382 1587 544 1666 Καμβύσης
562 1587 598 1647 τά
617 1585 774 1662 ποιεύμενα,
794 1585 912 1664 πέμψας
932 1586 984 1669 ἅγ-

182 1682 267 1760 γελον
293 1677 391 1756 εἰρύτα
415 1676 506 1748 αύτάν,
529 1675 620 1758 λέγων
641 1672 716 1734 τόδε·
750 1672 926 1750 ’(Δεσπότης
945 1700 985 1735 σε

182 1766 352 1843 Καμβύσης,
379 1764 551 1842 Ψαμμήνιτε,
577 1766 683 1842 εἰρωτᾷ,
703 1761 773 1822 διότι
800 1760 909 1838 δῆττίν
928 1765 984 1840 μὲν

183 1853 320 1934 θυγατέρα
345 1853 429 1932 ἀρέων
455 1853 653 1930 κεκακωμένην,
677 1851 723 1910 καί
744 1849 795 1911 τόν
820 1850 911 1909 παῖδα
935 1853 985 1911 ἐπὶ

183 1940 302 2004 θάνατον
314 1943 471 2022 στείχοντα,
482 1940 545 2002 ούτε
554 1939 700 2016 ἀνέβωσας
712 1936 775 1999 ούτε
786 1937 984 2004 ἀπέκλαυσας·

182 2027 233 2090 τάν
255 2031 286 2091 δὲ
310 2029 421 2110 πτωχόν
446 2028 524 2090 ούδέν
544 2053 593 2089 σοι
618 2025 805 2105 προσήκοντα,
826 2024 863 2089 ὦς
881 2025 985 2088 ἄλλων

182 2119 364 2197 πυνθάνομαι,
380 2121 514 2195 ἐτίμησας
523 2115 547 2186 3¹⁸
566 2115 583 2176 ό
602 2117 655 2192 μὲν
674 2113 707 2189 δὴ
726 2117 815 2174 ταῦτα
834 2114 983 2191 ἐπειρώτα,

184 2204 238 2265 ὁδ’
250 2206 385 2285 ἀμείβετο
398 2206 502 2266 τοῖσδε·
523 2203 568 2262 “ὧ
584 2205 638 2263 παῖ
650 2200 804 2279 Κύρου,τά
820 2203 873 2277 μὲν
886 2201 984 2278 οἶκήῖα

184 2291 219 2368 ἦν
231 2295 304 2370 μέζω
317 2291 418 2369 κακάἣ
433 2291 505 2352 ὥστε
522 2290 691 2351 ἀνακλαίειν·
710 2287 788 2349 τόδὲ
803 2292 855 2348 τοῦ
869 2290 984 2366 ἐταίρου

184 2381 285 2444 πένθος
307 2381 385 2452 ἀξιον
407 2380 443 2456 ἦν
465 2377 597 2458 δακρύων·
638 2376 669 2441 ὃς
688 2382 719 2437 ἐκ
741 2379 859 2436 πολλῶν
877 2401 910 2436 τε
935 2379 984 2437 καὶ

184 2465 350 2544 εὐδαιμόνων
362 2466 488 2527 ἐκπεσαίν
497 2472 524 2529 ἐς
536 2465 678 2544 πτωχηίην
690 2463 803 2524 ἀπῖκται
816 2464 862 2522 ἐπὶ
873 2462 986 2544 γήραος

185 2551 281 2632 ούδῷ.”
319 2555 366 2614 καί
381 2559 470 2614 ταῦτα
485 2553 521 2617 οἷς
537 2552 733 2631 ἀπενειχθέντα
749 2549 805 2609 ύπά
821 2548 933 2621 τούτου,
950 2558 984 2621 εἶ,

186 2640 289 2702 δοκέειν
308 2645 335 2702 οἰ
355 2643 492 2720 εἰρῆσθαι·
519 2641 555 2706 οἷς
572 2641 602 2700 δέ
620 2641 733 2721 λέγεται
751 2637 797 2697 ἀπ’
812 2640 984 2719 Αἰγυπτίων,

187 2727 310 2808 δακρύειν
334 2732 387 2807 μὲν
412 2732 547 2807 Κροῖσον,
571 2726 721 2808 (ἐτετεύχεε
746 2725 801 2807 γάρ
827 2726 874 2783 καί
900 2724 986 2789 οὗτος

186 2817 371 2894 ἐπισπόμενος
391 2816 540 2895 Καμβύση
560 2814 603 2875 ἐπ’
622 2814 783 2894 Αἰγυπτον,)
804 2811 934 2889 δακρύειν
952 2813 986 2873 δέ

187 2905 320 2981 Περσέων
337 2904 400 2968 τούς
414 2903 576 2980 παρεόντας·
603 2900 676 2978 αύτῷ
693 2926 725 2960 τε
738 2899 887 2978 Καμβύσῃ
900 2904 984 2960 ἐσελ-

187 2991 245 3050 θεῖν
257 2990 349 3050 οἰκτόν
361 3016 430 3059 τινα,
445 2990 491 3048 καὶ
504 2988 602 3048 αύτίκα
615 2985 737 3046 κελεύειν
749 2986 799 3047 τόν
810 3010 842 3046 τε
855 2989 884 3045 οἰ
895 2987 987 3046 παῖδα

187 3080 217 3134 ἐκ
230 3080 285 3136 τῶν
297 3075 497 3152 ἀπολλυμένων
510 3074 608 3143 σιύζειν
625 3074 671 3130 καὶ
689 3071 774 3133 αύτάν
787 3077 817 3132 ἐκ
831 3077 884 3132 τοῦ
895 3098 986 3151 προα-

143 3161 178 3218 15
188 3162 282 3221 στείου
295 3161 509 3237 ἀναστήσαντας
522 3158 601 3239 ἄγειν
613 3158 678 3234 παρ’
692 3159 800 3220 ἑωυτόν·
819 3158 871 3219 τάν
882 3162 938 3235 μὲν
949 3159 989 3236 δὴ

188 3247 274 3326 παῖδα
296 3245 376 3324 εὖρον
398 3249 425 3306 οἰ
448 3244 588 3321 μετιόντες
613 3243 705 3305 ούκέτι
727 3245 882 3322 περιεόντα,
904 3244 990 3305 ἀλλά
