2150 3500
168 86 202 132 οι
479 84 664 134 Ἧνοιοιοι
939 81 980 150 [ι

167 160 301 244 αγάγοιεν
309 160 413 236 πάσας,
422 166 450 228 ἐς
459 163 489 225 έν
500 165 604 245 χωρίον
614 162 770 245 ἐσάγεσκον
782 159 879 227 άλέας·
892 164 982 241 πέριξ

168 249 200 313 δέ
208 249 294 315 αὐτάς
307 251 407 312 ἵστατο
419 250 519 329 ὅμιλος
528 252 645 330 α’νδριῦν·
659 249 775 314 α’νιοτές
783 251 813 311 δέ
824 249 897 311 κατιῖ
906 253 982 328 μίαν

169 337 290 415 ἑκάστην
298 339 386 417 κήρυξ
392 339 546 412 πωλέεσκε,
553 343 651 419 πρῶτα
660 341 712 416 μέν
719 338 771 414 τῆν
780 337 981 416 εὐειδεστάτην

168 429 201 488 ἐκ
225 428 347 501 πασέων,
373 427 445 507 μετὰ
470 429 509 499 δέ,
530 427 600 492 ὅκως
626 426 696 503 αῦτη
717 426 838 505 εὐροῦσα
859 427 981 490 πολλόν

167 516 286 594 χρυσίον
304 517 434 594 πρηθείη,
446 515 540 593 άλλην
558 515 732 593 άνεκήρυσσε
751 513 771 591 ἢ
789 513 850 592 μετ’
866 515 980 593 ἐκείνην

168 603 235 664 έσκε
260 603 447 682 εὐειδιστάτη·
482 605 640 666 ἐπωλέοντο
667 604 697 665 δέ
724 603 770 664 ἐπὶ
797 601 978 679 συνοικήσει·

167 689 234 754 ὅσοι
244 695 297 771 μέν
309 692 345 770 δῆ
358 694 443 754 ἔσκον
455 691 613 769 εὐδαίμονες
632 695 688 753 τῶν
703 691 895 768 Βαβυλωνίων
915 692 979 752 ἐπί·

166 804 262 862 γαμοι,
275 780 505 859 ῦπερβάλλοντες
518 780 665 857 ἀλλήλους
678 779 824 850 ἐξωνέοντο
835 777 888 842 τάς
904 783 977 840 καλ-

166 868 363 932 λιστευούσας·
392 867 458 930 ὅσοι
483 869 514 930 δέ
537 873 589 930 τοῦ
610 867 700 946 δήμου
723 869 807 929 ἔσκον
829 867 976 948 ἐπίγαμοι,

169 951 248 1016 οῦτοι
260 956 291 1017 δέ
312 957 398 1021 εἴδεος
416 959 468 1034 μὲν
486 956 567 1018 οὐδὲν
581 956 689 1018 ἐδέοντο
701 957 837 1036 χρηστοῦ,
850 954 920 1015 οἶδ’
942 954 978 1017 ἂν

166 1043 300 1124 χρήματά
320 1071 353 1106 τε
375 1046 422 1105 καὶ
449 1046 597 1126 αἰσχίονας
619 1038 774 1122 παρθένους
796 1041 975 1121 ἐλάμβανον·

167 1130 205 1196 οἷς
215 1131 272 1215 γάρ
284 1132 422 1204 διεξέλθοι
433 1133 451 1195 ό
471 1133 560 1211 κῆρυξ
578 1133 694 1194 πωλέων
707 1130 759 1195 τάς
779 1129 976 1198 εὐειδεστάτας

166 1222 223 1282 τεῦν
241 1222 394 1299 παρθένων,
416 1221 517 1298 ἀνίστη
538 1220 573 1282 ἂν
593 1221 646 1297 τῆν
667 1217 888 1298 ἀμορφεστάτην
907 1217 929 1296 ἢ
950 1221 977 1281 εἶ

166 1333 210 1372 τις
234 1307 339 1371 αὐτέων
364 1312 489 1388 ἔμπηρος
513 1309 558 1387 ἦν,
586 1309 632 1368 καὶ
657 1307 764 1384 ταύτην
785 1305 991 1385 άνεκήρυσσε,

168 1394 248 1462 ὅστις
271 1399 352 1459 θέλοι
375 1397 529 1477 ἐλάχιστον
551 1396 671 1476 χρυσίον
692 1393 794 1472 λοβόν
816 1396 974 1458 συνοικέειν

167 1482 249 1563 αὐτῆ·
269 1489 298 1549 ἐς
310 1485 327 1546 ὃ
339 1489 378 1566 τῷ
389 1485 423 1546 τό
437 1484 590 1564 ἐλάχιστον
602 1483 780 1562 ὐπισταμένιρ
790 1483 972 1559 προσεκέετο·

165 1571 200 1632 τό
212 1571 243 1632 δέ
255 1568 291 1632 ἂν
310 1572 430 1651 χρυσίον
451 1574 558 1654 ἐγίνετο
571 1571 628 1634 άπῦ
647 1575 703 1633 τῶν
725 1569 847 1631 εὐειδέων
867 1573 973 1650 παρθέ·

165 1683 228 1721 νων·
250 1660 296 1720 καὶ
309 1658 380 1721 οὕτω
393 1663 423 1720 αἶ
436 1658 574 1738 εὔμορφοι
587 1659 638 1724 τὰς
659 1657 806 1736 άμόρφους
822 1659 870 1718 καὶ
882 1659 973 1738 ἐμπή-

165 1773 232 1826 ρους
244 1748 414 1819 ἐξεδῦοσαν.
455 1749 581 1810 ἐκδοῦναι
596 1749 627 1809 δέ
642 1746 694 1825 τῆν
711 1750 812 1809 ἑωυτοῦ
831 1748 973 1829 θυγατέρα

166 1835 235 1916 ότειρ
246 1836 385 1913 βούλοιτο
398 1837 517 1902 ἕκαστος
529 1836 580 1897 οὐκ
593 1836 666 1913 ἐξῆν,
677 1834 740 1896 οὐδὲ
754 1833 818 1895 άνευ
832 1838 973 1917 ἐγγυητέω
1055 1852 1056 1863 ³

166 1922 366 2008 (ἐπαγαγέσθαι
383 1925 437 2002 τῆν
456 1925 595 2005 παρθένον
610 1922 771 2003 πριάμενον,
784 1920 850 1983 ἀλλ’
872 1928 972 2005 ἐγγυη-

166 2011 217 2079 τάς
237 2018 312 2093 χρῆν
334 2013 554 2091 καταστήσαντα
576 2012 596 2090 ἦ
618 2012 675 2090 μῆν
696 2009 877 2087 συνοικήσειν
898 2010 972 2093 αὐτῇ

167 2100 238 2163 οὕτω
254 2101 425 2184 άπάγεσθαι·
449 2105 474 2163 εἰ
490 2102 520 2162 δέ
535 2100 578 2180 μῆ
595 2099 800 2178 συμφεροίατο,
816 2097 972 2176 ἀποφέρειν
1054 2128 1055 2148 ÷

165 2188 199 2251 τό
221 2191 340 2271 χρυσίον
361 2191 453 2253 ἐκέετο
476 2190 571 2268 νόμος.
612 2188 678 2265 ἐξῆν
701 2188 732 2248 δέ
756 2187 803 2247 καὶ
826 2187 859 2257 ἐξ
877 2185 971 2265 όλλης

166 2278 285 2341 ἐλθόντα
305 2278 399 2357 κόμης
418 2277 471 2341 τόν
489 2276 668 2355 βουλόμενον
690 2274 833 2336 ὠνέεσθαι.
874 2274 892 2335 ό
917 2277 971 2353 μέν

165 2389 215 2426 νυν
227 2365 383 2430 κάλλιστος
394 2365 481 2443 νόμος
493 2362 575 2430 οὗτός
587 2370 644 2441 σφι
657 2362 701 2440 ἦν·
718 2362 752 2424 οὐ
764 2362 861 2442 μέντοι
874 2366 971 2445 νῦνγι

165 2451 306 2513 διετέλεσε
326 2453 384 2515 ἐόν.
418 2453 494 2513 ἄλλο
511 2452 544 2513 δέ
557 2477 586 2513 τι
599 2450 764 2530 ἐξευρήκασι
778 2452 880 2512 νεωστὶ
894 2452 970 2533 γενέ-

165 2539 243 2611 σθαι,
265 2539 367 2617 ἵναμή
390 2540 510 2603 ἀδικοῖεν
528 2539 614 2605 αὐτοῖς
635 2538 700 2618 μήδ’
720 2543 747 2604 ἐς
767 2539 862 2617 ἑτέρην
884 2539 971 2603 πόλιν

165 2624 296 2707 ἄγωνται·
317 2629 380 2690 ἐπεί
389 2626 421 2692 τέ
431 2628 488 2711 γάρ
501 2628 618 2694 α’λόντες
630 2626 812 2703 ἐκακώθησαν
832 2627 879 2688 καὶ
897 2631 971 2689 οίκο-

150 2713 362 2793 φθορήθησαν,
388 2722 445 2782 πός
470 2741 513 2782 τις
536 2721 588 2778 τοῦ
614 2716 704 2795 δήμου
733 2716 803 2793 βίου
829 2716 971 2787 σπανίζων

121 2802 177 2865 197
186 2805 385 2882 καταπορνεύει
395 2805 431 2867 τά
444 2804 533 2883 θήλεα
545 2804 637 2867 τέκνα.
672 2802 810 2882 Δεύτερος
828 2803 859 2864 δέ
878 2804 971 2885 σοφίη

165 2890 214 2954 ὅδε
233 2889 323 2955 ἄλλος
344 2898 402 2969 σφι
418 2891 504 2972 νόμος
524 2891 701 2969 κατεστήκεε·
729 2890 794 2956 τοῦς
815 2890 970 2970 κάμνοντας

162 2982 195 3043 ἐς
219 2978 272 3056 τῆν
297 2978 404 3063 οἶγορῆν
430 2982 608 3061 ἐκφορέουσι·
639 2979 672 3041 οὐ
697 2979 754 3062 γάρ
777 2979 811 3056 δή
834 2980 970 3059 χρέωνται

38 3110 68 3143 ⁸
165 3069 296 3146 ἰητροῖσι·
315 3068 481 3148 προσιόντες
503 3067 541 3129 ὧν
560 3068 632 3145 πρός
653 3067 704 3128 τόν
724 3065 874 3144 κάμνοντα,
897 3092 970 3144 συμ-

164 3155 340 3232 βουλεύουσι
359 3158 486 3237 περὶτῆς
497 3154 611 3227 νούσου,
625 3156 651 3215 εί
669 3180 712 3219 τις
725 3156 771 3215 καὶ
783 3152 868 3218 αὐτός
879 3156 969 3215 ποιοῦ

164 3266 216 3304 τον
224 3243 312 3307 ἔπαθε
320 3244 414 3308 ὁκοῖον
422 3242 506 3324 ἔχειό
517 3242 628 3324 κάμνων
637 3241 656 3321 ἢ
666 3241 757 3306 ἄλλον
767 3242 822 3304 εἶδε
831 3240 968 3306 παθόντα·
