2150 3500
106 127 252 194 ιιι-ιιι]
455 133 570 184 mm
589 147 591 152 ·
877 137 911 186 ω

104 204 244 283 ἀπόνητο,
264 206 334 268 ἀλλ’
353 207 410 270 όπδ
430 209 557 286 Θρηίκων
577 209 739 280 ἐξελασθεὶς
758 209 842 290 τιμὰς
861 217 911 275 νῦν

104 291 162 354 ἀπό
174 294 265 371 Τηίων
276 299 334 356 τόν,
345 301 374 356 ἐν
386 294 557 374 Ἀβδήροισι
571 295 606 360 ὥς
618 294 690 373 ἥρως
703 297 770 376 ἔχει.

148 379 236 442 Οὗτοι
256 385 309 459 μέν
331 409 379 444 νυν
399 383 498 443 Ἰόνων
523 387 623 460 μοῦνοι
642 382 695 459 τήν
715 385 956 464 δουλοσύνην169

103 467 157 528 οὐκ
173 468 336 548 ἀνεχόμενοι
353 472 482 541 ἐξέλιπον
498 471 550 534 ταὶς
570 470 714 548 πατρίδας·
735 475 762 532 οἶ
780 472 803 531 δ’
810 489 815 510 ⁵
824 471 910 536 ἄλλοι

103 555 202 627 Ἰωνες,
228 557 305 634 πλήν
331 560 490 635 Μιλησίων,
517 559 563 618 διά
585 557 679 637 μάχης
701 561 753 636 μὲν
776 559 910 626 ἀπικέατο

103 641 238 726 Ἁρπάγῳ
251 645 374 724 κατάπερ
388 649 415 706 οἱ
431 645 600 716 ἐκλιπόντες,
614 647 661 705 καὶ
674 645 769 725 ἄνδρες
782 649 910 730 ἐγένοντο

101 730 208 812 α’γαθοὶ
227 734 292 811 περὶ
311 739 363 810 τῆς
383 738 484 794 ἑωυτοῦ
505 734 623 798 ἕκαστος
639 733 803 814 μαχόμενοι,
820 740 908 799 ἐσσυ-

100 819 199 884 θέντες
219 821 250 880 δέ
271 821 317 881 καὶ
336 820 452 886 ἀλόντες
471 823 568 900 ἔμενον
588 820 659 883 κατά
677 822 772 902 χόρην
794 825 908 888 ἔκαστοι
986 837 997 884 “.

101 906 151 966 καλ
172 907 208 968 τό
226 907 436 987 ἐπιτασσόμενα
456 910 612 970 ἐπετέλεον.
653 910 795 988 Μιλήσιοι
815 911 908 992 δὲῶς

101 996 151 1054 καὶ
162 995 299 1074 πρότερόν
309 1023 360 1075 μοι
373 997 486 1075 εἴρηται,
496 997 571 1075 αὐτῷ
583 996 667 1077 Κύρῳ
681 996 775 1075 ὅρκιον
787 1000 906 1076 ποιησό-

99 1107 183 1159 μενοι
205 1083 327 1163 ἡσυχίην
348 1083 429 1165 ἀγον.
465 1083 536 1145 οὕτω
557 1083 591 1160 δή
611 1084 645 1144 τό
668 1084 795 1164 δεύτερον
815 1086 906 1166 Ἰωνίη

101 1170 281 1232 ἐδεδοίλωτοι
315 1171 352 1236 οἷς
369 1173 400 1232 δὲ
416 1171 482 1237 τοάς
499 1177 529 1232 ἐν
549 1168 816 1252 πῆήπείρῳἼωνας
836 1180 906 1254 ἔχει·

99 1257 216 1335 ρόσατο
225 1258 380 1341 Ἅρπαγος,
398 1263 426 1320 οἱ
440 1258 492 1323 τάς
500 1257 613 1336 νήσους
625 1261 739 1338 ’ἔχοντες
749 1260 842 1326 Ἴωνες
860 1289 906 1322 κα-

99 1347 328 1425 ταρρωδήσαντες
340 1352 436 1418 ταῦτα,
449 1348 543 1425 σφέας
556 1344 656 1410 αὐτοῦς
670 1347 771 1409 ἔδοσαν
784 1349 873 1428 Κύρῳ.

144 1436 348 1513 Κεκακωμένων
361 1437 391 1496 δέ
401 1435 508 1508 Ἰάνων,
519 1435 566 1494 καὶ
579 1436 795 1517 συλλεγομένων
807 1436 886 1497 οὐδὲν
896 1438 953 1497 170

98 1519 197 1598 ἧσσον
209 1529 237 1588 ἐς
252 1523 287 1585 τό
303 1514 467 1595 Πανιόνιον,
480 1522 655 1601 πυνθάνομαι
670 1523 783 1606 γνόμην
799 1525 905 1586 Βίαντα

100 1609 190 1688 ἀνδρα
214 1613 347 1689 Πριηνέα
364 1610 556 1682 ἀποδέξασθαι
574 1610 655 1672 Ἰωσι
677 1611 903 1691 χρησιμωτάτην·

98 1702 137 1777 τῆ
155 1702 180 1759 εἰ
196 1699 348 1773 ἐπείθοντο,
367 1703 486 1779 παρεῖχε
506 1699 543 1761 ἅν
562 1705 619 1777 σφι
638 1699 822 1778 εὐδαιμονέειν
839 1701 904 1762 Ἑλ-

98 1785 193 1861 λήνων
212 1785 350 1865 μαθιιστα·
379 1788 411 1853 ὃς
430 1790 541 1849 ἐκέλευε
565 1792 672 1867 “κοινῷ
694 1787 790 1870 στόλῳ
806 1788 905 1854 Ἴωνας

98 1872 248 1951 ἀερθέντας
266 1875 365 1939 πλέειν
384 1880 413 1939 ἐς
432 1875 539 1954 Σαρδό,
560 1876 607 1935 καὶ
623 1877 717 1937 ἐπειτα
732 1877 818 1939 πόλιν
836 1878 904 1955 μίαν

99 1963 202 2033 κτίζειν
226 1962 336 2024 πάντων
360 1961 468 2024 Ἰάνων·
502 1964 550 2023 καὶ
575 1962 646 2024 οὕτω
669 1962 904 2044 ἀπαλλαχθέντας

98 2051 194 2125 σφέας
206 2051 379 2128 δουλοσίνης
392 2050 610 2129 εὐδαιμονήσειν,
624 2050 718 2127 νήσων
729 2044 761 2111 τε
773 2052 904 2112 ἁπασέων

98 2138 238 2220 μεγίστην
259 2140 426 2217 νεμομένους
445 2140 492 2199 καὶ
510 2138 648 2217 ἄρχοντας
661 2138 766 2198 ἄλλων·
786 2140 904 2214 μένουσι

98 2225 133 2285 δέ
150 2233 208 2304 σφι
227 2232 257 2287 ἐν
275 2231 313 2307 τῆ
331 2226 422 2307 Ἰωνίη
442 2225 492 2287 οὐκ
509 2226 565 2302 ἐφη
582 2229 679 2302 ἐνορᾶν
693 2225 851 2302 ἐλευθερίην
863 2226 904 2285 ἔτι

99 2313 260 2393 ἐσομένηνῖ
294 2313 364 2393 αὕτη
381 2318 435 2393 μὲν
453 2314 637 2377 Βίαντσςτοῦ
654 2311 791 2391 Πριηνέος
806 2312 903 2393 γνώμη

99 2404 147 2462 ἐπὶ
169 2401 400 2481 διεφθαρμένοισι
414 2401 497 2463 Ἴωσι
516 2399 662 2483 γενομένη·
682 2399 794 2479 χρηστή
811 2399 904 2460 δὲκαὶ

99 2490 166 2568 πρὶν
180 2488 200 2567 ῆ
215 2490 403 2569 διαφθαρῆναι
414 2488 521 2566 Ἰωνίην
533 2487 633 2548 Θάλεω
646 2486 745 2565 ἀνδρός
757 2489 904 2566 Μιλησίου

99 2578 218 2660 ἐγένετο,
236 2578 270 2640 τό
289 2578 422 2639 α’νέκαθεν
436 2577 516 2660 γένος
534 2574 628 2641 ἐόντος
643 2575 778 2641 Φοίνικος·
798 2575 829 2641 ὃς
848 2575 902 2637 ἐκέ-

98 2670 166 2727 λευε
183 2666 239 2728 “ἐν
253 2665 456 2745 βουλευτήριον
469 2663 567 2727 Ἴωνας
583 2663 726 2740 ἐκτῆσθαι,
743 2663 820 2725 τόδὲ
835 2663 905 2723 εἶναι

98 2758 129 2815 ἐν
142 2754 210 2834 Τέῳ·
233 2754 309 2816 Τέων
320 2753 376 2836 γάρ
388 2753 478 2831 μέσον
491 2752 561 2813 εἶναι
572 2750 686 2828 Ἰωνίης·
706 2750 756 2816 ταὶς
768 2751 798 2810 δὲ
812 2750 904 2813 ίίλλας

98 2841 202 2906 πόλιας
215 2842 373 2920 οίκεομένας
385 2840 471 2919 μηδὲν
483 2838 579 2917 ῆσσον
598 2838 762 2917 νομίζεσθαι
779 2836 902 2913 κατάπερ

99 2934 125 2991 εἶ
147 2930 233 3008 δῆμοι
255 2929 334 2991 εἶεν.”
362 2927 433 2991 οὕτω
451 2931 504 3007 μέν
524 2926 560 3004 δή
581 2932 638 3002 σφι
656 2923 768 3007 γνάμας
787 2922 903 2986 τοιάσδε

98 3018 278 3089 ἀπεδέξαντο.
586 3090 591 3099 ι
1070 3014 1071 3099 φ

134 3104 282 3188 Ἅρπαγος
300 3106 331 3166 δὲ
351 3103 613 3183 καταστρεψόμενος
627 3100 740 3178 Ἰωνίην,
760 3098 947 3160 ἐποιέετο171
1070 3102 1071 3111 ’

98 3194 252 3271 στρατηίην
266 3194 312 3253 ἐπὶ
325 3197 423 3269 Κᾶρας
436 3193 482 3252 καὶ
495 3190 633 3255 Καυνίους
646 3189 694 3249 καὶ
704 3188 831 3259 Λυκίους,
845 3185 904 3265 ἅμα

97 3279 236 3358 ἀγόμενος
257 3281 304 3340 καὶ
320 3278 489 3343 Ἰωναςκαὶ
509 3277 639 3341 Αἰολέας.
673 3276 730 3336 εἶσὶ
749 3275 780 3336 δὲ
799 3274 902 3336 τούτων
