2150 3500
137 93 179 154 31,
193 90 236 157 32]
491 93 605 142 ΚΛΕῙΩ.
911 92 943 140 15

136 170 153 232 ό
170 171 201 231 δὲ
219 169 290 231 εἶπε·
310 168 354 229 “ῶ
366 173 483 248 Κροῖσε,
497 169 682 247 ἐπιστάμενόν
696 196 734 248 με
747 170 782 232 τό
799 171 874 232 θεῖον
885 173 943 233 πᾶν

136 257 183 320 ἐόν
190 256 329 336 φθονερόν
336 283 366 318 τε
377 258 423 316 καὶ
430 258 596 336 ταραχῶδες,
605 263 753 336 ἐπειρωτᾷς
763 256 941 336 ἀνθρωπηίων

134 345 306 426 πρηγμάτων
317 345 381 422 πέρι
385 370 393 414 ;
412 350 442 405 ἐν
453 344 508 425 γοῖρ
520 349 559 424 τῷ
571 348 668 423 μακρῷ
679 344 770 424 χρόνῳ
779 344 876 404 πολλῶ
888 346 942 422 μέν

128 439 198 494 «ἐστι
217 434 297 494 ἰδέειν
311 432 348 493 τοὶ
362 433 403 510 μή
419 459 461 496 τις
480 431 689 502 ἐθέλει,’πολλῶ
707 432 737 492 δὲ
755 433 802 491 καὶ
817 434 939 494 παθέειν.

134 527 163 586 ἐς
181 521 236 602 γὰρ
257 519 458 598 ἐβδομήκοντα·
471 521 533 580 ἐτεα
553 519 635 598 οὖρον
654 524 705 595 πῆς
722 518 787 595 ζόης
806 518 939 600 ἅνθρῶπιρ

133 610 295 687 προτίθημι·
317 605 394 668 οὗτοι
407 607 496 672 ἐόντες
510 607 628 668 ἐνιαυτοὶ
641 605 842 684 ἐβδομήκοντα,
855 609 938 684 παρέ·

132 722 232 776 χονται
243 695 349 774 ἡμέρας
361 695 504 771 διηκοσίας
516 695 563 754 καὶ
578 695 807 774 πεντακισχιλίας
820 693 865 754 καὶ
878 694 936 754 δισ-

131 784 241 861 μυρίας·
264 782 438 865 [ἐμβολίμου
454 781 542 860 μηνός
557 781 598 860 μή
615 784 772 864 γινομένου.
813 785 838 841 εἰ
856 781 886 840 δέ
903 780 937 858 δή

133 871 266 946 ἐθελήσει
279 869 409 948 τοῦτερον
425 875 481 931 τῶν
497 870 578 930 ἐτέων
592 870 662 947 μηνὶ
678 868 849 947 μακρότερον
865 870 937 949 γίνε-

132 957 211 1028 σθαι,
225 958 270 1019 ἵνα
280 957 314 1033 δή
324 961 354 1017 αἱ
368 955 435 1035 ὧραι
447 957 629 1035 συμβαίνωσι
638 954 857 1038 παραγινόμεναι
867 962 894 1019 ἐς
903 955 937 1017 τό

132 1043 205 1117 δέον,
217 1049 303 1123 μῆνες
313 1046 366 1123 μέν
377 1043 454 1123 παραὶ
465 1043 502 1104 τῶ
517 1043 711 1128 ἐβδομήκοντα
727 1045 789 1103 ἔτεα
804 1036 832 1103 οῖ
850 1043 937 1121 ἐμβό-

132 1135 214 1210 λιμοι
232 1133 355 1215 γίνονπαι
374 1131 523 1211 τριήκοντα
543 1133 634 1192 πέντε·
657 1131 760 1210 η’μέραι
782 1131 812 1191 δὲ
832 1136 862 1191 ἐκ
881 1135 937 1192 τῶν

131 1224 228 1296 μηνῶν
251 1220 363 1292 τούτων,
388 1221 481 1300 χίλιαι
504 1217 698 1300 πεντήκοντα]
731 1219 848 1280 τουτέων
870 1218 937 1300 [τῶν

131 1305 400 1386 οἶπασέωνήμερέων,
409 1312 463 1368 τῶν
469 1313 497 1372 ἐς
503 1306 540 1369 τοὶ
547 1306 740 1384 ἐβδομήκοη
748 1308 810 1366 ἔτεα
818 1307 936 1368 ἐουσέων

131 1395 304 1472 πεντήκοντα
316 1396 363 1456 καὶ
375 1395 523 1472 διηκοσίων
535 1395 582 1454 καὶ
595 1394 804 1474 ἑξακισχιλιέων
816 1394 863 1454 καὶ
875 1394 935 1455 δισ-

129 1475 301 1566 μυριέων],ή
315 1483 393 1562 ἑτέρη
403 1482 505 1542 αὐτέων
516 1486 553 1561 τῇ
566 1483 644 1562 ἑτέρη
655 1480 747 1561 ήμέρη
758 1481 791 1542 τό
804 1480 936 1560 παράπαν

130 1569 212 1632 οίδὲν
224 1571 321 1649 ὁμοῖον
334 1569 472 1651 προσάγει
488 1574 615 1650 πρῆγμα.
636 1568 707 1629 οὕτω
720 1568 765 1639 ῶν,
779 1568 801 1628 ῶ
816 1574 934 1647 Κροῖσε,

129 1662 190 1719 πᾶν
197 1663 258 1720 ἐστι
265 1657 407 1736 ἅνθρωπος
415 1656 560 1736 συμφορή.
576 1657 639 1734 ἐμοὶ
647 1656 677 1716 δὲ
685 1655 723 1717 σύ
731 1656 777 1716 καὶ
787 1658 934 1720 πλουτέειν

129 1748 184 1823 μὶν
195 1748 269 1828 μέγα
279 1746 399 1824 φαίνεαι,
410 1744 455 1806 καὶ
466 1744 607 1823 βασιλεδς
619 1743 689 1806 εἶναι
700 1749 817 1807 πολλῶν
829 1744 932 1824 ἅνθριό-

129 1860 200 1895 πων·
222 1837 309 1894 ἐκεῖνο
325 1834 355 1893 δὲ
369 1832 402 1894 τό
421 1832 492 1911 εἴρεό
503 1859 549 1910 με,
563 1832 634 1893 οὔκω
649 1859 686 1893 σε
701 1832 755 1914 ἐγῶ
771 1834 854 1916 λέγω,
867 1836 934 1913 πρὶν

130 1919 166 1983 ἂν
177 1919 384 1997 τελευτήσαντα
400 1924 492 1985 καλῶς
503 1918 554 1981 τόν
568 1924 654 1981 αἰῶνα
670 1920 808 1998 πύθωμαι·
829 1919 862 1980 οὗ
877 1920 933 2003 γάρ

129 2034 176 2069 τοι
191 2008 207 2070 ὁ
221 2009 297 2091 μέγα
308 2006 444 2072 πλούσιος
455 2010 570 2085 μᾶλλον
583 2011 634 2068 τοῦ
650 2007 691 2067 ἐπ’
703 2006 810 2086 ήμέρην
823 2008 934 2087 ἔχοντος

130 2093 304 2173 ὀλβιῶτερός
326 2099 396 2166 ἐστι,
417 2098 442 2155 εἰ
465 2092 507 2171 μή
528 2097 555 2154 οἱ
572 2093 645 2173 τόχη
666 2096 821 2165 ἐπίσποιτο,
843 2094 935 2156 πάντα

131 2182 207 2243 καλῶ
217 2184 316 2262 ἔχοντα
327 2186 495 2258 τελευτῆσαι
508 2180 537 2240 εὖ
547 2180 597 2241 τόν
608 2183 682 2256 βίον.
703 2183 812 2242 πολλοὶ
817 2184 870 2259 μέν
877 2182 934 2264 γὰρ

131 2268 284 2341 ζάπλουτοι
291 2270 440 2348 όνθρῶπων
448 2268 582 2344 οἷνόλβιοί
587 2272 652 2328 εἰσι·
665 2270 771 2329 πολλοὶ
779 2270 809 2330 δὲ
817 2271 934 2348 μετρίως

131 2358 246 2436 ἔχοντες,
263 2359 330 2435 βίου
356 2355 488 2437 είτυχέες·
515 2354 532 2417 ὁ
557 2357 610 2434 μὲν
635 2353 669 2431 δή
691 2356 766 2436 μέγα
786 2356 932 2430 πλούσιος,

130 2442 267 2521 ἀνόλβιος
284 2445 322 2515 δὲ,
339 2444 431 2505 δυοῖσι
448 2444 563 2523 προέχει
579 2447 630 2503 τοῦ
650 2441 777 2523 εὐτυχέος
793 2443 933 2522 μούνοισι·

131 2528 213 2595 οὗτος
225 2532 255 2592 δὲ
265 2536 316 2592 τοῦ
328 2532 467 2592 πλουσίου
481 2531 527 2590 καὶ
540 2529 677 2608 οἷνολβίου
689 2533 836 2592 πολλοῖσι·
853 2532 870 2592 ό
882 2534 934 2609 μὲν

132 2619 279 2696 ἐπιθυμίην
289 2619 434 2679 ἐκτελέσαι
443 2619 489 2677 καὶ
499 2616 569 2694 ἄτην
575 2618 703 2698 μεγάλην
712 2624 934 2697 προσπεσοῦσαν
1007 2680 1012 2685 ,

131 2709 233 2769 ἐνεῖκαι
253 2704 444 2782 δυνατώτερος·
467 2704 485 2765 ό
505 2704 535 2763 δὲ
557 2705 663 2766 τοιοίδε
685 2708 798 2786 προέχει
821 2707 933 2769 ἐκείνου·

131 2792 202 2869 ἄτην
217 2796 273 2871 μὲν
289 2793 335 2853 καὶ
355 2792 501 2868 ἐπιθυμίην
519 2791 569 2851 οὐκ
589 2792 691 2869 ὁμοίως
710 2793 823 2857 δυνατός
842 2795 934 2874 ἐκείνῳ

132 2884 242 2951 ἐνεῖκαι,
258 2883 346 2941 ταῦτα
365 2878 395 2939 δέ
410 2878 429 2955 ἡ
446 2878 558 2959 εὐτυχίη
578 2882 607 2939 οἱ
622 2878 760 2956 ἀπερύκει·
781 2880 887 2957 ἄπηρος
904 2882 934 2941 δὲ

132 2969 203 3039 ἐστὶ,
219 2966 346 3037 ἄνουσος,
363 2965 473 3043 ἀπαθής
490 2969 590 3038 κακῶν,
608 2964 710 3037 εὔπαις,
729 2965 841 3044 εὐειδής·
862 2967 935 3027 εἰδὲ
1011 3001 1023 3009 ·

131 3056 202 3133 πρδς
210 3053 336 3116 τούτοισι
346 3054 386 3114 ἐτι
393 3053 557 3131 τελευτήσει
565 3051 615 3113 τόν
621 3054 688 3129 βίον
698 3052 735 3122 εὖ,
744 3050 824 3118 οὗτος
833 3056 935 3119 ἐκεῖνος

130 3143 182 3205 τόν
198 3142 236 3204 σι)
253 3143 343 3218 ζητεῖς
359 3140 461 3217 ὄλβιος
476 3140 633 3215 κεκλῆσθαι
647 3137 724 3207 ἄξιός
742 3144 811 3200 ἐστι·
833 3141 898 3217 πρὶν
911 3141 935 3201 δ’

131 3228 167 3291 ἂν
173 3228 343 3309 τελευτήσῃ,
351 3228 499 3309 ἐπισχέειν,
508 3226 579 3303 μηδὲ
591 3224 701 3284 καλέειν
711 3250 749 3284 κω
759 3224 861 3302 ὄλβων
869 3226 935 3287 ἀλλ’
