2150 3500
166 103 214 151 ιοο
356 80 358 85 ’
465 101 650 151 Ἥκοιουοι
917 98 971 163 [11.

165 179 195 241 δέ
214 180 392 241 οἰκισθέντων
412 183 442 240 ἐν
457 178 598 259 Αἰγύπτῳ,
615 182 644 239 οῖ
658 177 799 255 Ἕλληνες
819 178 892 239 οὕτω
912 183 971 239 ἐπι-
1053 255 1055 262 Ι

164 267 334 348 μισγόμενοι
346 264 474 326 τούτοισι
486 265 522 327 τά
534 267 600 343 περὶ
610 265 753 347 Αἴγυπτον
765 264 900 347 γινόμενα
913 265 972 327 ἀπό
1053 275 1055 318 ἑ

164 356 344 433 Ψαμμιτίχου
360 353 499 429 βασιλέος
515 352 666 430 ἀρξάμενοι
684 353 776 413 πάντα
796 354 843 412 καὶ
863 353 900 413 τά
920 353 972 415 ὕσ-
1053 377 1055 380 ·

164 467 245 519 τερον
268 440 444 518 ἐπιστάμεθα
466 440 608 518 ἀτρεκέως·
634 444 741 517 πρῶτοι
763 439 819 520 γάρ
840 438 921 501 οὗτοι
942 447 972 501 ἐν

165 529 297 612 Αίγοίπτῳ
321 528 528 610 ἀλλόγλωσσοι
556 528 788 603 κατοικίσθησαν·
816 527 848 597 ἐξ
874 525 914 588 ὧν
941 528 972 588 δὲ

165 618 355 695 ἐξανέστησαν
372 617 477 696 χοίρων,
491 621 521 677 ἐν
533 615 659 676 τοίντοισι
676 614 711 692 δη
725 615 755 675 οἶ
769 640 802 675 τε
818 614 901 675 ὁλκοὶ
913 619 971 676 τῶν
1053 629 1055 632 ’

164 709 231 767 νεῶν
252 707 298 765 καὶ
317 705 353 765 τά
373 705 480 781 ἐρείπια
498 708 554 764 τῶν
572 702 729 780 οἰκημάτων
743 702 778 763 τό
797 703 883 782 μέχρι
902 708 971 781 ἐμεῦ
1053 718 1055 722 ’

36 848 43 859 ,
164 792 248 869 ἦσαν.
275 793 452 871 Ψαμμίτιχος
464 790 661 869 μέννυνοῦτω
671 790 741 869 ἔσχε
751 789 804 867 τὴν
813 792 970 870 Αἴγυπτον.
1053 863 1055 866 ¹

120 882 176 940 155
208 884 264 941 Τοῦ
284 880 314 939 δὲ
334 880 508 959 χρηστηρίου
527 882 578 939 τοῦ
595 884 625 939 ἐν
642 877 775 959 Αἰγύπτῳ
790 903 829 937 πο
879 876 970 938 “ε’πε-
1053 935 1055 942 ,

161 968 294 1045 -μνήσθην
317 966 379 1043 ἤδη,
402 968 448 1026 καὶ
472 966 507 1042 δή
529 966 617 1047 λόγον
639 966 704 1043 περὶ
726 963 811 1025 αὐτοῦ
832 964 870 1027 οῖς
889 964 970 1035 ἀξίου

166 1053 258 1118 ἐόντος
275 1054 440 1131 ποιήσομαι.
474 1052 508 1115 τό
524 1051 580 1133 γάρ
598 1052 772 1131 χρηστήριον
786 1056 871 1112 τοῦτο
888 1052 924 1111 τό
940 1059 970 1113 ἐν

165 1141 297 1223 Αἰγύπτῳ
313 1142 375 1203 ἔστι
391 1144 442 1223 μὲν
460 1144 570 1217 Λητοῦς
586 1140 653 1217 ἱρόν,
670 1144 701 1200 ἐν
715 1138 785 1200 πόλι
804 1140 835 1199 δὲ
853 1140 970 1221 μεγάλη

167 1230 309 1308 ἱδρυμένον
329 1229 399 1290 κατοὶ
415 1231 448 1291 τό
470 1227 669 1305 Σεβεννυτικόν
686 1227 856 1305 καλεόμενον
872 1228 970 1306 στόμα

165 1320 216 1379 τοῦ
228 1318 345 1388 Νείλου,
360 1315 528 1377 ἀναπλέοντι
540 1314 598 1375 ἀπό
612 1314 764 1391 θαλάσσης
775 1313 840 1375 ἅνω·
861 1314 969 1393 οὕνομα

166 1405 195 1465 δέ
212 1410 249 1484 τῇ
261 1405 331 1466 πόλι
349 1404 435 1483 ταύτῃ
449 1403 515 1465 ὅκου
532 1401 566 1463 τό
582 1402 756 1481 χρηστήριόν
775 1408 846 1473 ἐστι,
859 1403 967 1473 Βουτοῖ,
1011 1418 1013 1422 ’

167 1491 203 1555 οἷς
216 1494 262 1551 καὶ
278 1491 412 1569 πρότερον
426 1491 602 1568 οὔνόμασταί
612 1516 671 1568 μοι·
693 1489 754 1568 ῖράν
766 1490 798 1550 δέ
813 1495 876 1551 ἐστι
889 1495 920 1550 ἐν
931 1494 969 1570 τῇ

166 1584 270 1639 Βουτοῖ
284 1578 372 1657 ταύτῃ
388 1579 569 1641 ’Λπόλλωνος
586 1578 632 1637 καὶ
647 1577 818 1655 Ἀρτέμιδος·
839 1577 919 1638 καὶὸ
934 1604 969 1659 γε

165 1665 230 1742 νηός
247 1670 298 1741 τῆς
311 1670 428 1742 Λητοῦς,
443 1672 472 1726 ἐν
486 1670 525 1745 τῷ
539 1665 573 1741 δη
587 1665 620 1725 τό
637 1664 810 1745 χρηστήριον
823 1667 872 1735 ἔνι,
885 1664 969 1730 αάτός

165 1780 196 1814 τε
216 1754 347 1834 τυγχάνει
370 1755 420 1814 ἐιῖν
441 1755 529 1836 μέγας
550 1755 598 1813 καὶ
618 1754 655 1814 τά
670 1752 838 1832 προπύλαια
861 1755 921 1832 ἔχει
942 1760 970 1818 ἐς

166 1841 236 1920 ὕψος
253 1841 319 1900 δέκα
337 1841 477 1923 ὀργυιέων·
497 1842 531 1903 τό
548 1842 579 1902 δέ
594 1867 644 1918 μοι
660 1845 715 1902 τοῖν
729 1845 858 1919 φανερῶν
871 1843 970 1918 θιῖυμιι

165 1930 301 2010 μέγιστον
321 1929 513 2010 παρεχόμενον
533 1929 645 2006 φράσω·
673 1930 734 1990 ἔστι
753 1934 784 1989 έν
801 1933 842 2008 τῷ
858 1931 970 2006 τεμένεϊ

166 2017 253 2098 τούτῳ
272 2023 382 2095 Λητοῦς
398 2018 463 2095 νηός
476 2017 507 2088 ἐξ
525 2017 585 2081 ἑνός
598 2018 680 2078 λίθου
695 2018 881 2094 πεποιημένος
895 2017 923 2080 ἐς
937 2044 969 2078 τε

166 2104 237 2185 ὕψος
261 2107 307 2165 καὶ
331 2097 484 2184 ἐςμῆκος·Ι
506 2104 553 2164 καὶ
575 2108 671 2184 τοῖχος
697 2106 814 2168 ἕκαστος
840 2105 969 2165 τούτοισι

167 2194 239 2257 ἶσος·
265 2193 474 2272 τεσσεράκοντα
493 2192 605 2272 πήχεων
627 2192 731 2254 τούτων
755 2191 876 2253 ἕκαστόν
895 2198 968 2253 ἐστι·

166 2281 200 2342 τό
222 2282 252 2341 δέ
275 2282 496 2363 καταστέγασμα
518 2285 570 2357 τῆς
590 2281 697 2358 ἀροφῇς
717 2279 807 2345 ἀλλος
830 2281 968 2341 ἐπικέεται
1007 2323 1011 2328 ·

122 2369 274 2446 156λίθος,
296 2370 366 2447 ἔχων
385 2369 437 2444 τήν
457 2370 641 2445 παρωροφιδα
659 2367 844 2448 τετράπηχυν.
886 2367 968 2428 Οὕτω

166 2456 219 2531 μέν
232 2479 279 2516 νυν
291 2454 311 2514 ’ἀ
327 2455 392 2530 νηός
407 2459 462 2514 τῶν
475 2461 603 2539 φανερῶν
619 2483 669 2532 μοι
685 2460 741 2516 τοῖν
753 2457 817 2532 περὶ
834 2458 918 2516 τοῦτο
933 2455 967 2517 τό

168 2541 227 2618 ῖρόν
243 2547 305 2602 ἐστι
322 2540 564 2618 θωυμαστότατον,
578 2549 633 2604 τοῖν
651 2544 682 2602 δὲ
699 2544 829 2621 δευτέρων
843 2547 931 2619 νῆσος
948 2544 967 2620 ἦ

168 2629 277 2706 Χέμμις
297 2630 463 2707 καλευμένη.
504 2630 566 2690 ἐστι
583 2632 635 2708 μὲν
655 2635 684 2691 ἐν
702 2631 788 2709 λίμνῃ
805 2631 900 2710 βαθέῃ
920 2632 967 2690 καὶ

167 2717 275 2796 πλατέῃ
290 2717 400 2794 κειμένη
413 2715 490 2795 παρά
505 2718 539 2778 τό
558 2723 587 2778 ἐν
603 2721 707 2778 Βουτοῖ
724 2717 792 2795 ἱρόν,
805 2719 919 2798 λέγεται
936 2718 967 2776 δέ

166 2803 212 2864 ἀπ’
226 2805 384 2886 Αἰγυπτίων
398 2804 467 2865 εἶναι
479 2804 549 2880 αὕτη
563 2805 581 2880 ἦ
595 2810 682 2882 νῆσος
693 2804 802 2882 πλωτή·
820 2804 904 2869 αὐτός
914 2807 967 2882 μὲν

168 2893 252 2972 έγωγε
270 2891 332 2951 οὔτε
351 2893 495 2953 πλέουσαν
515 2891 579 2951 οὔτε
597 2894 757 2968 κινηθεῖσαν
773 2893 841 2963 ἴδον,
858 2894 967 2968 τέθηπα

167 2978 197 3036 δὲ
214 2979 319 3038 ἀκούων
335 2983 359 3037 εἰ
376 2983 463 3055 νῆσος
481 2979 606 3054 ἀληθέως
626 2980 688 3039 ε’στὶ
704 2980 812 3055 πλωτή·
834 2985 864 3039 ἐν
876 2979 911 3056 δή
928 2979 966 3040 ὧν

166 3065 252 3144 ταύτῃ
276 3065 341 3142 νηός
362 3091 393 3125 τε
414 3065 594 3128 Ἀπόλλωνος
620 3067 709 3146 μέγας
732 3068 779 3136 ἔνι,
802 3067 850 3125 καῖ
871 3067 967 3144 βωμοὶ

165 3152 314 3227 τριφάσιοι
329 3151 491 3228 ἐνιδρύαται·
513 3151 692 3228 ἐμπεφύκασι
710 3151 734 3210 δ’
748 3158 777 3212 ἐν
792 3151 863 3231 αὐτῇ
876 3155 965 3229 φοίνι-

167 3260 212 3299 κες
232 3238 340 3316 συχνοὶ,
362 3237 407 3296 καὶ
428 3236 506 3296 ἀλλα
527 3237 639 3313 δένδρεα
659 3238 707 3297 καὶ
729 3239 899 3317 καρποφόρα
918 3239 967 3300 καὶ
