2150 3500
99 137 213 200 ιο-υο]
429 138 593 188 mmmm.
860 133 907 188 11⁷

94 239 134 276 τε
146 215 257 277 πάντων
270 217 359 293 σφίσι
373 217 475 287 ἐξεῖναι
486 215 647 301 γεύεσθαι·”
667 215 683 277 ὁ
697 215 727 276 δὲ
740 213 802 279 θεός
815 219 908 290 σφεας

97 302 153 364 ούκ
172 305 204 362 ἔα
221 305 325 365 ποιέειν
344 309 441 377 ταῦτα,
463 306 521 381 φιίς
536 306 701 386 ’ῐΑἵγυπτον
717 303 787 363 εἶναι
806 301 909 378 ταύτην

95 398 153 474 τὴν
173 397 190 458 ὅ
214 402 320 463 Νεῖλος
346 399 430 461 ἔπιῶν
456 398 543 479 ἄρδει·
578 401 624 459 καὶ
645 398 813 481 Αἰγυπτίους
837 396 906 456 εἶναι

96 485 216 551 τούτους
228 486 256 546 οἳ
268 489 362 565 ἔνερθε
373 487 577 565 Ἐλεφαντίνης
589 488 689 552 πόλιος
703 486 837 550 οἰκέοντες
849 484 906 545 ἀπὸ

96 579 152 635 τοῦ
177 580 307 653 ποταμοῦ
330 575 431 637 τούτου
457 575 598 638 πίνουσι.”
639 575 710 637 οὕτω
736 580 793 651 σφι
817 575 951 634 ταῦτα19

97 663 240 742 ἐχρήσθη.
281 664 428 744 ἐπέρχεται
448 665 479 724 δὲ
498 664 515 725 ὅ
537 669 651 735 Νεῖλος,
679 662 763 724 ἐπεὰν
782 661 904 740 πληθύῃ,

97 751 134 811 οὗ
146 749 235 828 μόνον
246 750 281 812 τύ
295 754 401 824 Δέλτα,
416 753 494 812 ἀλλὰ
514 753 561 813 καὶ
574 757 624 813 τοῦ
637 754 766 829 Λιβυκοῦ
779 776 811 810 τε
823 753 904 830 λεγο-

97 838 186 914 μένου
199 838 292 919 χοίρου
308 839 439 900 εἶναικαὶ
456 843 507 902 τοῦ
521 841 668 918 Ἀραβίου,
684 842 782 918 ε’νιαχῆ
794 838 840 897 καὶ
858 837 905 897 ε’πὶ

97 926 150 986 δύο
168 927 297 1006 ἡμερέων
313 929 460 1006 ἑκατέρωθι
477 928 553 1001 ὁδόν,
571 929 617 988 καὶ
631 930 721 988 πλεῦν
740 929 780 987 ἔτι
794 924 903 996 τούτου,

98 1014 149 1074 καὶ
162 1015 299 1077 ἔλασσον.

140 1107 198 1163 Τοῦ
213 1106 343 1182 ποταμοῦ
356 1103 387 1164 δὲ
400 1102 504 1181 φύσιος
523 1104 596 1182 πέρι,
618 1103 681 1164 οὔτε
700 1128 728 1164 τι
747 1106 803 1164 τῶν
824 1100 902 1179 ἱρέων

96 1189 163 1252 οὕτε
184 1191 276 1252 ἄλλου
296 1191 407 1256 ου’δενδς
427 1193 609 1270 παραλαβεῖν
630 1190 793 1266 ἐδυνάσθην.
832 1189 901 1265 πρό-

96 1280 189 1357 θυμος
208 1279 238 1340 δὲ
257 1280 287 1338 έα
303 1279 369 1339 τάδε
384 1278 450 1357 παρ’
464 1279 554 1340 αύτιῦν
566 1279 715 1349 πυθέσθαι,
729 1277 746 1339 ὅ
763 1304 791 1339 τι
807 1278 902 1354 κατέρ·

95 1392 179 1446 χεται
191 1370 244 1444 μὲν
257 1366 274 1427 ὅ
287 1371 392 1431 Νεῖλος
404 1367 537 1444 πληθύων
550 1366 607 1426 ἅπὸ
622 1367 746 1444 τροπέων
763 1368 818 1426 τιῦν
831 1365 903 1442 θερι-

95 1455 167 1515 νέων
187 1453 341 1533 ἅρξιίμενος
361 1455 407 1515 ε’πὶ
431 1455 528 1516 ἓκατὸν
549 1455 663 1533 ἡμέρας,
681 1452 811 1516 πελάσας
831 1451 853 1510 δ’
874 1456 902 1516 ἐς

95 1541 149 1603 τᾶν
160 1542 281 1621 ἅριθμῦν
297 1544 416 1604 τουτέων
431 1547 486 1604 τιῦν
498 1544 623 1621 ἡμερέων
641 1541 732 1603 ὀπίσω
750 1541 903 1620 ἀπέρχεται

96 1629 261 1692 α’πολείπων
280 1631 314 1692 τὰ
333 1632 457 1709 ῥέεθρον·
486 1629 559 1692 ὥστε
579 1631 690 1710 βραχύς
708 1629 759 1691 τᾶν
778 1631 901 1709 χειμῶνα

96 1717 209 1780 ἅπαντα
226 1719 361 1781 διατελέει
377 1719 436 1789 έιῦν,
449 1719 535 1799 μέχρι
556 1716 588 1779 οὗ
609 1718 685 1783 αῦτις
704 1719 827 1796 τροπέων
844 1719 899 1777 τιῦν

97 1808 235 1885 θερινέων.
276 1807 381 1868 τούτων
407 1806 444 1868 ὧν
469 1808 535 1885 πέρι
562 1806 672 1871 ούδενὸς
694 1806 773 1867 οὐδὲν
797 1804 854 1869 οἶός
873 1803 898 1864 τ’

97 1894 235 1976 ἐγενόμην
244 1896 424 1974 παραλαβεῖν
433 1893 511 1972 παραὶ
522 1898 579 1956 τῶν
589 1895 755 1976 Αἰγυπτίων,
767 1894 900 1972 ἱστορέων

96 1981 199 2047 αύτούς
221 1983 319 2060 ἥντινα
339 1981 455 2060 δύναμιν
476 1984 534 2062 ἔχει
556 1982 573 2043 ὅ
594 1986 699 2046 Νεῖλος
721 1982 758 2042 τὰ
779 1982 900 2058 ἔμπαλιν

96 2070 252 2148 πεφυκέναι
271 2072 327 2133 τιῦν
347 2070 443 2132 ἄλλων
465 2074 609 2149 ποταμῶν.
650 2066 739 2129 τοῦτοί
757 2094 789 2130 τε
809 2069 843 2144 δὴ
863 2067 899 2129 ταὶ

95 2160 255 2241 λελεγμένα
274 2158 451 2238 βουλόμενος
471 2159 580 2229 εἰδέναι,
605 2156 740 2234 ἱστόρεον,
762 2156 808 2215 καὶ
831 2154 848 2216 ὅ
871 2181 899 2215 τι

96 2246 185 2324 αύρας
216 2246 412 2311 ἀποπνεούσας
437 2250 540 2325 μοῦνος
571 2248 705 2322 ποταμῶν
730 2244 840 2303 πάντων
867 2242 900 2303 ού

96 2337 259 2415 παρέχεται.
298 2334 392 2395 Ἀλλὰ
417 2333 563 2410 Ἑλλήνων
588 2334 640 2411 μέν
663 2346 743 2404 τινες,
766 2332 900 2409 ἐπίσημοι
908 2333 947 2392 20

95 2423 269 2502 βουλόμενοι
281 2424 415 2505 γενέσθαι
427 2422 544 2498 σοφίην,
555 2422 653 2492 ἔλεξαν
665 2422 729 2500 περὶ
741 2425 792 2482 τοῦ
801 2420 899 2485 ὕδατος

96 2510 197 2571 τούτου
209 2512 364 2590 τριφασίας
379 2510 468 2575 ὁδούς·
487 2513 544 2570 τῶν
563 2509 614 2574 τὰς
630 2512 682 2588 μέν
699 2510 748 2571 δύο
760 2514 816 2573 τιῦν
827 2509 899 2571 ὁδῶν

97 2597 154 2658 ούδ’
167 2597 235 2669 Aa&
247 2600 416 2675 μνησθῆναι,
426 2602 450 2658 εἰ
459 2598 500 2676 μὴ
511 2598 582 2659 ὅσον
591 2602 717 2678 σημῇναι
723 2598 899 2677 βουλόμενος

96 2690 217 2765 μοῦνον·
230 2690 286 2747 τῶν
298 2686 318 2762 ἦ
332 2688 411 2763 ἑτέρη
422 2688 475 2764 μὲν
489 2688 568 2769 λέγει
578 2687 644 2751 τοῦς
657 2688 770 2765 ἐτησίας
782 2686 899 2763 ἀνέμους

98 2773 168 2834 εἶναι
188 2775 292 2838 αἰτίους
311 2774 448 2850 πληθύειν
467 2774 518 2836 τὸν
536 2775 673 2852 ποταμῦν,
695 2774 851 2837 κωλύοντας
871 2778 898 2837 ές

97 2861 251 2924 θάλασσαν
265 2862 367 2940 ε’κρέειν
379 2860 430 2923 τὸν
442 2867 559 2924 Νεῖλον.
593 2860 733 2925 πολλάκις
747 2862 776 2920 δὲ
790 2859 899 2935 ε’τησίαι

95 2951 148 3027 μὲν
161 2948 212 3011 ούκ
226 2949 263 3011 ὧν
272 2951 421 3024 Ιἔπνευσαν,
435 2949 451 3010 ὅ
467 2951 497 3011 δὲ
513 2953 619 3014 Νεῖλος
638 2948 727 3009 τῶυτό
744 2946 898 3029 ἐργάζεται·

96 3038 168 3116 πρθς
181 3039 220 3110 δὲ,
232 3042 256 3099 εἶ
269 3038 379 3116 ἐτησίαι
389 3038 473 3099 α’ίτιοι
485 3038 569 3114 ἦσαν,
579 3041 652 3118 χρῆν
660 3037 706 3095 καὶ
716 3034 780 3098 τοῦς
793 3035 898 3098 ἄλλους

97 3126 243 3204 ποταμούς
255 3127 322 3188 ὅσοι
338 3130 416 3188 τοῖσι
434 3128 565 3205 έτησίησι
581 3124 670 3185 οἶντίοι
686 3124 782 3200 ῥέουσι
798 3122 898 3199 ὁμοίως

97 3214 220 3295 πιίσχειν
241 3215 288 3275 καὶ
303 3214 375 3275 κατοὶ
393 3213 430 3275 τᾶ
450 3212 521 3274 αύτιὶ
540 3217 579 3291 τῷ
598 3211 702 3289 Νειλερ,
719 3210 765 3269 καὶ
784 3212 898 3287 μᾶλλον

99 3303 138 3364 ἔτι
154 3302 291 3383 τοσούτῳ,
304 3302 365 3382 ὅσῳ
382 3300 538 3364 ἐλάσσονες
555 3298 645 3363 ἐόντες
661 3297 851 3373 ἀσθενέστερα
862 3294 899 3357 ταὶ
