2150 3500
175 103 224 151 202
474 100 659 151 ·ιιι>οΔοιοι·
906 10 1022 163 [J

173 205 217 244 τις
235 176 278 249 ἂν,
299 181 388 239 ταῦτα
405 178 635 255 άναισιμοῦνταιι
656 177 710 259 ἐγιδ
730 179 777 237 καὶ
795 181 881 238 τοῦτο
901 174 981 255 φρά-

174 292 226 328 σω·
251 266 294 325 δεῖ
309 263 359 325 τδν
379 267 431 341 μὲν
449 264 594 345 δήμαρχον
610 266 730 326 ἕκαστον
749 270 781 325 ἐκ
799 269 851 341 τῆς
872 268 985 327 ἑωυτοῦ

174 354 275 418 πόλιος
301 353 478 422 συλλέξαντα
504 353 597 413 πάντα
622 351 674 414 τάν
695 353 817 431 κέραμον
839 352 921 433 άγειν
954 360 986 418 ἐς

174 444 303 519 Μέμφιν·
340 440 405 505 τοῦς
430 442 461 501 δέ
486 446 517 501 ἐκ
548 442 682 518 Μέμφιος
710 446 738 505 ἐς
762 444 851 502 ταῦτα
879 442 914 517 δή
944 442 984 503 τά

175 528 278 608 άνυδρα
310 532 360 605 τῆς
391 530 492 606 Συρίης
526 530 647 607 κομίζειν
673 528 840 606 πλήσαντας
866 528 984 595 ὕδατος·

175 618 246 679 οὕτω
271 618 288 679 ά
315 618 479 694 ἐπιφοιτέων
509 618 628 693 κέραμος
657 617 704 676 καὶ
730 616 923 695 ἐξαιρεόμενος
950 624 985 678 ἐν

175 706 306 787 Αἰγύπτῳ
333 706 380 765 ἐπὶ
407 705 458 766 τάν
486 706 610 766 παλαιάν
640 706 781 782 κομίζεται
807 710 836 768 ἐς
863 707 982 784 Συρίην.

144 793 160 855 7
176 793 257 854 Οὕτω
268 794 320 870 μέν
336 818 384 853 νυν
401 793 513 870 Πέρσαι
532 794 589 852 εἶσὶ
609 796 636 852 οἱ
652 791 706 869 τὴν
726 791 857 869 ἐσβολήν
872 794 983 870 ταύτην

174 879 437 958 παρασκευάσαντες
461 880 504 940 ἐπ’
525 880 677 961 Αἴγυπτον,
699 880 770 940 κατά
789 879 825 955 δὴ
846 880 885 939 τά
906 884 981 957 εἰρη-

173 970 245 1047 μένα
265 969 400 1039 σάξαντες
421 968 508 1039 ῧδατι,
530 970 592 1028 ἐπεί
610 994 641 1029 τε
662 968 785 1047 τάχιστα
807 969 981 1045 παρέλαβον

174 1058 325 1139 Αἴγυπτον·
351 1057 415 1117 τότε
439 1056 469 1117 δέ
490 1056 541 1117 ούκ
562 1056 655 1120 ἐόντος
676 1082 714 1115 κω
733 1056 833 1119 ὕδατος
854 1059 979 1134 ἑτοίμου,

137 1175 146 1188 ·
175 1145 338 1222 Καμβύσης
360 1145 516 1222 πυθόμενος
538 1150 588 1204 τοῦ
608 1144 854 1220 Ἀλικαρνησσῆος
877 1144 978 1215 ξείνου,

173 1235 286 1312 πέμψας
308 1233 385 1312 παρά
407 1233 458 1294 τάν
481 1232 619 1310 Ἀράβιον
640 1232 778 1313 ἀγγέλους
798 1232 845 1290 καὶ
870 1232 979 1309 δεηθεὶς

172 1326 223 1398 τῆς
243 1321 403 1399 άσφαλείης
421 1322 509 1401 ἔτυχε,
522 1321 619 1384 πίστις
636 1319 700 1383 δούς
718 1345 750 1379 τε
762 1319 809 1379 καὶ
826 1320 979 1398 δεξάμενος

173 1408 240 1487 παρ’
253 1409 348 1470 αὐτοῦ.
1048 1423 1050 1426 ’

147 1500 165 1557 8
214 1498 354 1574 Σέβονται
381 1496 411 1556 δὲ
435 1495 568 1573 Ἀράβιοι
593 1496 689 1560 πίστις
712 1493 864 1573 άνθριύπων
890 1495 978 1572 ὄμοῖα

172 1588 249 1645 τοῖσι
266 1584 402 1660 μάλιστα.
444 1588 585 1643 ποιεῦνται
605 1583 636 1642 δέ
652 1581 738 1647 αύτάς
756 1582 852 1663 τρόπῳ
869 1584 976 1663 τοιῷδε·

172 1675 227 1732 τῶν
249 1672 432 1750 βουλομένων
452 1671 489 1731 τά
512 1670 602 1731 πιστά
622 1671 769 1732 ποιέεσθαι
791 1669 883 1735 ἄλλος
903 1671 976 1750 άνὴρ

173 1761 337 1838 ἀμφοτέρων
350 1759 441 1821 αὐτῶν
455 1765 484 1820 ἐν
496 1761 576 1839 μέσῳ
590 1759 699 1829 ἐστειῦς,
713 1761 783 1839 λίθιρ
796 1759 858 1831 ὀξέϊ
869 1760 905 1821 τά
920 1763 977 1821 ἔσω

172 1853 227 1908 τῶν
251 1852 351 1927 χειρῶν
377 1847 454 1926 παρά
475 1848 540 1912 τούς
564 1847 716 1911 δακτύλους
741 1847 806 1910 τοῦς
831 1847 977 1929 μεγάλους

173 1936 315 2014 ἐπιτάμνει
335 1941 390 1998 τιῦν
411 1937 581 2014 ποιευμένων
601 1935 652 1999 τάς
672 1936 777 1998 πίστις·
810 1937 858 1995 καὶ
879 1938 975 1997 ἔπειτα
1048 1966 1049 1979 ·

171 2025 271 2101 λαβών
285 2028 315 2084 ἐκ
328 2029 378 2085 τοῦ
392 2026 501 2101 ἱματίου
517 2024 647 2100 ἐκατέρου
668 2023 795 2101 κροκύδα,
809 2022 925 2101 α’λείφει
935 2028 976 2104 τῷ

172 2113 269 2190 αἵματι
292 2117 321 2173 ἐν
342 2114 421 2192 μέσῳ
443 2113 583 2189 κειμένους
602 2112 699 2175 λίθους
723 2111 802 2171 ἐπτά·
836 2113 975 2172 τοῦτοδὲ

171 2201 271 2263 ποιέων
285 2197 424 2261 ἐπικαλέει
437 2200 486 2261 τόν
498 2226 529 2260 τε
544 2198 684 2260 Διόνυσον
698 2200 743 2260 καὶ
756 2199 809 2275 τὴν
822 2199 973 2278 Οῦρονίην·

171 2290 383 2352 ἐπιτελέσαντος
399 2289 428 2347 δὲ
448 2287 548 2348 τούτου
563 2291 659 2357 ταῦτα,
678 2285 695 2346 ά
711 2285 762 2350 τάς
777 2286 874 2350 πίστις
893 2313 972 2363 ποιη-

171 2376 292 2452 σάμενος
306 2380 383 2436 τοῖσι
401 2376 516 2451 φίλοισι
535 2378 682 2456 παρεγγυᾷ
696 2373 746 2435 τδν
764 2375 863 2443 ξεῖνον,
876 2373 907 2454 (ἢ
926 2378 973 2434 καὶ

170 2464 220 2524 τάν
237 2463 325 2525 άστόν
338 2461 373 2541 ἢν
389 2464 459 2541 πρδς
472 2463 561 2523 άστδν
574 2462 722 2539 ποιέηταα)
737 2461 807 2521 οἶδὲ
821 2463 907 2537 φίλοι
925 2465 973 2521 καὶ

172 2549 251 2611 αὐτοὶ
263 2550 314 2616 τάς
329 2552 425 2614 πίστις
441 2553 576 2611 δικαιεῦσι
593 2551 744 2627 σέβεσθαι.
787 2548 929 2611 Διόνυσον
942 2551 972 2609 δὲ
1040 2572 1041 2575 ’

120 2656 135 2674 “’
172 2640 235 2701 θεάν
254 2644 359 2718 μοῦνον
379 2641 425 2699 καὶ
443 2639 495 2716 τήν
516 2637 656 2716 Ούρανίην
675 2637 806 2718 ἡγεῦνται
824 2637 903 2698 εἶναι·
924 2639 972 2698 καὶ
1039 2652 1040 2655 ’

171 2733 226 2789 τῶν
251 2733 354 2808 τριχῶν
379 2729 433 2804 τὴν
458 2727 560 2804 κουρὴν
584 2726 728 2803 κείρεσθαί
749 2732 825 2802 φασι
846 2726 970 2803 κατάπερ

171 2815 255 2877 αύτδν
269 2817 318 2878 τᾶν
332 2818 470 2877 Διόνυσον
489 2814 629 2892 κεκάρθαι·
651 2814 787 2891 κείρονται
800 2813 832 2874 δέ
843 2813 969 2892 περιτρό-

170 2909 255 2983 χαλα,
276 2906 482 2983 περιξνροῦντες
501 2902 568 2965 τοῦς
585 2901 750 2978 κροτάφους·
781 2900 970 2978 ούνομάζουσι
1035 2967 1036 2971 Ἰ

171 2992 201 3051 δέ
225 2992 275 3053 τάν
300 2995 351 3070 μὲν
379 2991 516 3052 Διόνυσον
542 2989 675 3067 Ὀροτάλ,
696 2989 749 3065 τήν
775 2990 805 3052 δέ
829 2988 970 3066 Οὐρανίην

169 3077 298 3140 Ἀλιλάτ.

143 3167 161 3222 9
209 3165 289 3226 Ἐπεὶ
303 3164 341 3227 ὧν
356 3165 409 3242 τὴν
423 3166 519 3226 πίστιν
535 3168 613 3226 τοῖσι
629 3163 779 3247 άγγέλοισι
795 3168 873 3227 τοῖσι
890 3164 968 3242 παρά

170 3252 335 3328 Καμβύσεω
349 3252 527 3334 ἀπιγμένοισι
542 3252 696 3328 ἐποιήσατο
711 3253 728 3313 ὁ
743 3253 887 3330 Ἀράβιος,
901 3257 965 3330 ἐμη-
