2150 3500
107 123 249 189 ιιι-ιιι]
454 123 569 176 mm.
876 124 908 172 91

104 203 193 278 τῆσδε
212 206 263 278 τῆς
278 202 430 280 θαλάσσης
442 207 471 266 ἒς
483 204 652 279 Βαβυλῶνα,
668 201 871 265 καταπλέοντες
883 205 912 266 ἔς

104 291 156 352 τόν
170 289 325 368 Εὐφρήτην
339 289 467 368 ποταμόν
482 290 542 368 τρίς
554 317 585 350 τε
599 295 627 354 ἐς
639 289 691 366 τήν
709 287 795 365 αὐτὴν
807 286 910 365 ταύτην

105 377 203 455 κόμην
221 378 422 459 παραγίνονται
442 378 488 437 καὶ
508 383 539 438 ε’ν
557 379 634 455 τρισὶ
654 377 787 456 ἡμέρῃσι.
827 379 911 436 τοῦτο

103 468 157 543 μὲν
171 464 327 542 δήτοιοῦτο
340 466 464 541 ἐποίησε,
473 469 559 545 χεῦμα
571 466 600 524 δὲ
613 465 762 544 παρέχωσε
774 462 839 541 παρ’
850 461 911 524 ἑκά·

103 578 188 631 τερον
203 557 255 614 τοῦ
272 556 402 630 ποταμοῦ
414 553 449 613 τδ
461 557 566 633 χεῖλος,
580 551 658 622 ἄξιον
670 551 815 629 θάυματος
825 551 912 632 μέγα·

104 641 157 704 θος
167 640 213 700 καὶ
221 639 292 720 θψος
300 639 370 701 ὅσον
379 641 410 700 τί
418 645 489 700 ἐστι·
504 639 658 718 κατύπερθε
668 639 698 698 δὲ
707 642 806 718 πολλῷ
815 641 911 716 Βαβυ-

104 732 195 792 λοῖνος
209 727 321 806 ὤρυσσε
331 728 446 806 ἔλυτρον
456 728 542 807 λίμνῃ
552 725 654 808 Ιὀλίγον
663 753 692 787 τι
704 727 911 806 παρατείνουσα

104 813 163 876 άπδ
183 819 234 876 τοῦ
249 819 386 892 ποταμοῦ,
402 814 495 892 βάθος
510 818 564 893 μὲν
581 820 609 879 ές
625 814 658 875 τό
672 814 743 892 ὕδωρ
764 814 808 874 άεὶ
826 813 911 892 σ’ρύσ-
994 890 997 893 ι

105 927 202 963 σουσα
217 901 296 982 εῦρος
315 903 346 962 δὲ
360 901 394 962 τδ
413 905 578 981 περίμετρον
590 901 675 962 αύτοῦ
688 906 809 962 ποιεῦσα
821 903 914 963 εἴκοσί
1067 894 1069 899 .

103 1014 138 1049 τε
148 990 194 1049 καὶ
203 991 389 1069 τετρακοσίων
398 991 527 1052 σταδίων·
542 990 592 1052 τόν
600 991 629 1050 δὲ
640 989 832 1068 ὀρυσσόμενον
842 994 912 1070 χοῦν

106 1081 138 1136 ε’κ
155 1076 256 1138 τούτου
271 1081 323 1138 τοῦ
335 1076 492 1159 ὀρύγματος
509 1077 661 1156 ἀναισίμου
676 1077 754 1156 παρά
766 1077 801 1138 τά
813 1080 912 1158 χείλεα

104 1167 157 1225 τοῦ
166 1169 294 1243 ποταμοῦ
302 1166 494 1245 παραχέουσα,
505 1166 567 1225 ε’πεί
574 1191 605 1226 τε
615 1165 647 1224 δέ
656 1167 683 1225 οἱ
693 1163 805 1243 ὤρυκτο,
814 1166 911 1229 λίθους

106 1250 271 1334 ἀγαγομένη
283 1253 404 1330 κρηπῖδα
416 1253 508 1333 κύκλῳ
518 1253 584 1330 περὶ
593 1251 681 1328 αύτήν
691 1251 793 1328 ἤλασε.
821 1254 912 1312 ε’ποίεε

105 1338 138 1399 δὲ
153 1339 302 1419 α’μφότερα
318 1345 415 1411 ταῦτα,
429 1340 479 1402 τόν
496 1365 528 1401 τε
545 1339 674 1417 ποταμόν
689 1339 807 1400 σκολιόν
819 1340 865 1399 καὶ
877 1340 911 1401 τό

105 1425 218 1509 ὄρυγμα
234 1430 293 1489 πᾶν
313 1429 384 1499 ἕλος,
401 1428 438 1493 ὥς
456 1427 516 1489 ὅτε
534 1426 662 1506 ποταμός
676 1426 848 1506 βραδύτερος
866 1427 909 1504 εἴη

104 1518 170 1594 περὶ
189 1516 301 1593 καμπιῖς
319 1517 432 1580 πολλάς
447 1515 611 1600 όγιύμενος,
628 1516 675 1575 καὶ
695 1519 722 1576 οῖ
739 1515 826 1576 πλόοι
844 1516 912 1575 ἔωσι

105 1605 220 1664 σκολιοὶ
230 1609 258 1668 ές
266 1603 319 1680 τήν
328 1606 497 1681 Βαβυλῶνα,
508 1605 539 1663 ἔκ
551 1630 583 1665 τε
594 1608 651 1665 τοῖν
660 1603 757 1665 πλόων
770 1604 911 1680 ἐκδέκηται

104 1692 233 1771 περίοδος
244 1697 295 1769 τῆς
306 1693 408 1771 λίμνης
416 1692 520 1773 μακρή.
551 1691 621 1755 κατὰ
633 1696 717 1754 τοῦτο
730 1692 760 1753 δὲ
770 1691 910 1775 εἰργάζετο

103 1785 157 1858 τῆς
168 1781 260 1861 χώρης
268 1786 305 1860 τῇ
318 1782 350 1841 αἶ
356 1807 387 1841 τε
398 1782 521 1859 ἐσβολαὶ
531 1780 607 1859 ἦσαν
619 1782 666 1841 καὶ
674 1782 710 1842 τά
721 1780 848 1858 σύντομα
859 1785 911 1858 τῆς

105 1874 137 1929 ἐκ
156 1869 262 1946 Μήδων
279 1869 354 1940 ὁδοῦ,
369 1869 469 1947 ἵναμή
486 1869 702 1952 ἐπιμισγόμενοι
715 1872 742 1929 οἱ
755 1870 851 1945 Μῆδοι
868 1874 911 1927 ε’κ-

102 1956 270 2035 μανθόνοιεν
286 1956 372 2033 αὐτῆς
386 1957 423 2018 τοὶ
435 1957 599 2039 πρήγματα.
639 1962 733 2018 Ταῦτα
745 1960 798 2035 μὲν
811 1956 845 2032 δή
860 1961 890 2016 ἐκ
901 1960 957 2018 186

85 2098 89 2105 .
102 2044 212 2122 βάθεος
222 2045 419 2124 περιεβάλετο,
428 2045 538 2122 τοιήνδε
551 2046 582 2105 δὲ
594 2045 626 2115 ἐξ
634 2044 725 2105 αύτῦν
734 2043 911 2123 παρενθήκην

104 2132 269 2210 ἐποιήσατο·
291 2138 342 2210 τῆς
355 2134 454 2197 πόλιος
470 2132 573 2210 ἐούσης
590 2132 640 2193 δύο
658 2133 799 2209 φαρσέων,
812 2136 864 2191 τοῦ
880 2132 911 2191 δὲ

103 2227 235 2299 ποταμοῦ
247 2223 339 2300 μέσον
352 2223 474 2302 ἔχοντος,
489 2223 535 2282 ε’πὶ
548 2226 603 2282 τῦν
615 2220 752 2299 πρότερον
763 2219 910 2296 βασιλέων

104 2308 176 2375 ὅκως
191 2335 234 2375 τις
252 2311 347 2371 ε’θέλοι
364 2316 395 2370 ἐκ
411 2314 462 2370 τοῦ
481 2310 575 2387 ἑτέρου
592 2308 722 2387 φάρσεος
740 2313 767 2372 ές
779 2305 910 2385 τοῦτερον
936 2330 938 2334 ·

103 2398 247 2476 διαβῆναι,
269 2402 343 2477 χρῆν
362 2399 454 2478 πλοίῳ
473 2397 638 2474 διαβαίνειν
659 2398 706 2457 καὶ
726 2395 770 2472 ἦν,
794 2395 831 2459 οῖς
855 2394 910 2477 ε’γιδ

103 2486 199 2557 δοκέω,
217 2485 344 2565 όχληρδν
363 2490 458 2547 τοῦτο·
478 2485 549 2563 αῦτη
570 2484 600 2545 δὲ
620 2485 666 2544 καὶ
685 2489 768 2545 τοῦτο
787 2483 909 2561 προεῖδε·

104 2576 168 2635 ε’πεί
177 2599 210 2635 τε
221 2574 276 2655 γάρ
287 2572 401 2651 ὤρυσσε
409 2574 443 2634 τδ
454 2575 570 2652 ἔλυτρον
579 2577 615 2653 τῇ
625 2574 719 2654 λίμνη,
729 2572 910 2651 μνημόσυνον

102 2661 168 2722 τόδε
187 2660 263 2722 ἄλλο
283 2660 340 2721 όπδ
356 2666 407 2724 τοῦ
426 2660 511 2722 αύτοῦ
529 2662 613 2742 ἔργου
631 2662 753 2721 ἐλίπετο·
775 2660 908 2738 ἐτάμνετο

102 2750 202 2814 λίθους
217 2748 396 2828 περιμήκεας·
419 2748 457 2813 (ύς
475 2749 508 2810 δέ
526 2752 554 2809 οἱ
566 2747 649 2825 ι’ἦσαν
665 2752 692 2810 οἱ
708 2750 786 2810 λίθοι
803 2752 909 2825 ἑτοῖμοι

104 2838 151 2896 καὶ
162 2837 197 2898 τό
209 2839 312 2917 χωρίον
326 2836 475 2915 όριόρυκτο,
489 2837 651 2915 ἐκτρέψασα
666 2840 716 2897 τοῦ
734 2839 863 2912 ποταμοῦ
874 2834 908 2895 τδ

101 2925 219 3002 ῥέεθρον
231 2929 289 2985 πᾶν
307 2930 336 2987 ε’ς
352 2924 386 2985 τό
402 2923 514 3001 ὤρυσσε
530 2924 641 3002 χωρίον,
656 2928 685 2982 ἔν
696 2927 735 3002 τῷ
748 2924 908 2999 ἐπίμπλατο

101 3017 187 3073 τοῦτο
200 3018 230 3072 ἔν
241 3011 331 3091 τούτῳ
347 3010 579 3088 ἀπεξηρασμένου
591 3014 642 3071 τοῦ
655 3009 773 3088 ἀρχαίου
785 3010 907 3086 ῥεέθρου,

102 3103 246 3177 τοῦτομὲν
258 3100 294 3158 τοὶ
303 3104 402 3178 χείλεα
410 3102 461 3159 τοῦ
473 3103 611 3176 ποταμοῦ,
626 3098 696 3158 κατὰ
708 3096 760 3174 τήν
769 3096 853 3159 πόλιν
863 3099 909 3157 καὶ

102 3187 155 3252 τάς
168 3187 346 3265 καταβάσιας
358 3185 409 3249 τός
422 3190 453 3245 ε’κ
465 3190 521 3246 τοῖν
540 3185 664 3246 πυλίδων
677 3191 705 3249 ἐς
717 3186 767 3246 τόν
780 3186 908 3263 ποταμόν

103 3273 256 3354 φερούσας,
269 3271 474 3351 ἀνοικοδόμησε
485 3273 635 3333 πλίνθοισι
647 3271 762 3352 ὀπτῇσι,
775 3272 846 3333 κατὰ
858 3272 909 3333 τδν
