2150 3500
104 137 185 182 ιιι-
188 132 244 196 125]
386 132 614 182 ΜυκυοΜΕΝΗ.
855 140 901 186 329

103 213 196 271 δια
160 238 211 288 της
225 211 419 287 Σκυθικῆς
374 237 420 269 και
432 216 483 287 τῆς
496 213 762 290 Σαυρομάτιδος’
719 241 820 294 χωρης,
835 243 903 276 οιε
852 217 903 276 ’δὲ

103 301 180 380 εἶχον
194 300 276 360 οὐδὲν
288 299 460 369 σίνεσθαι,
441 325 491 360 ατε
502 305 554 376 τῆς
569 301 661 380 χιίρης
675 303 775 379 ἐούσης
787 305 902 382 χέρσου

103 393 167 450 ἐπεί
185 415 216 452 τε
235 384 299 450 δέ’
285 417 314 454 ες
331 389 384 466 τὴν
402 394 458 451 τῶν
481 391 620 451 Βουδίνων
639 392 733 471 χάρην
753 395 903 469 ἐσέβαλον,

103 480 224 539 ἐνθαῦτα
240 478 275 554 δη
296 474 454 557 ἐντυχόντες
465 482 504 558 τῷ
516 480 617 559 ξυλίνῳ
635 482 728 558 τείχεϊ,
744 483 904 542 ἐκλελοιπύ·

100 593 157 628 των
171 571 227 626 τῶν
242 567 380 626 Βουδίνων
393 567 441 626 καὶ
458 568 642 643 κεκενωμένου
655 573 704 628 τοῦ
718 569 824 647 τείχεος
837 569 904 629 ποίν-

98 681 165 726 των,
184 655 342 732 ἐνέπρησαν
357 654 435 715 αύτό·
455 660 540 715 τοῦτο
559 656 588 714 δὲ
606 657 774 732 ποιήσαντες
794 657 905 718 εἵποντο

52 738 55 742 ’
101 745 157 802 αἰεὶ
169 770 202 804 το
216 741 315 831 πρόσω
328 768 399 801 κατα
390 743 548 819 στίβον,
535 770 563 806 ες
576 771 591 802 ο
579 741 791 814 διεξελθόντες
802 745 905 820 ταύτην

103 837 131 894 ἐς
148 832 200 907 τὴν
216 835 322 941 ἐρῆμον
338 830 482 890 ἀπίκοντο·
502 856 521 906 η
513 830 598 890 δε
585 837 687 909 ερῆμος
705 833 774 908 αὕτη
792 833 847 892 ύπό
861 833 906 892 οὕ·

102 919 243 996 δαμῶν’
211 944 324 996 νεμεται
336 917 487 995 άνδρῶν·
474 919 565 978 κέεται
578 919 638 978 δὲ
621 922 691 996 υπὲρ
703 924 754 995 τῆς
767 921 906 980 Βουδίνων

101 1007 196 1085 χαίρης
209 1011 296 1066 ἐοῦσα
308 1007 418 1082 πλῆθος
431 1006 501 1066 ἑπτά
513 1005 638 1083 ἡμερέων
647 1007 724 1066 ὁδοῦ·
739 1007 808 1084 ύπὲρ
819 1008 849 1066 δὲ
856 1014 906 1084 τῆς

103 1094 208 1172 ἐρήμου
229 1094 411 1175 Θυσσαγέται
431 1095 563 1154 οἰκέουσι·
584 1095 707 1171 ποταμοὶ
722 1094 753 1154 δὲ
771 1095 803 1164 ἐξ
817 1095 906 1157 αὐτῶν

102 1185 237 1261 τέσσερες
248 1181 371 1263 μεγάλοι
382 1182 491 1260 ῥέοντες
499 1176 550 1245 ,διά
563 1183 711 1260 Μαιητέων
724 1183 865 1244 ἐκδιδοῦσι
878 1190 907 1250 ἐς

101 1270 155 1346 τὴν
168 1271 272 1349 λίμνην
283 1271 335 1346 την
348 1271 520 1347 καλεομένην
532 1275 665 1347 Μαιῆτιν,
675 1274 752 1331 τοῖσι
765 1271 906 1348 ούνόματα

102 1360 197 1418 κέεται
207 1359 282 1428 τάδε,
295 1358 394 1427 Λύκος,
418 1365 519 1434 Οαρος,
537 1357 647 1428 Τάναϊς,
661 1358 772 1440 Σύργις.
805 1357 885 1419 Ἐπεὶ
894 1363 952 1419 124

103 1445 175 1506 ὦνό
196 1446 313 1523 Δαρεῖος
332 1445 404 1522 ἦλθε
424 1450 453 1509 ἐς
466 1446 519 1522 την
532 1450 643 1524 ἐρῆμον,
657 1446 836 1523 παυσάμενος
855 1451 905 1506 τοῦ

102 1533 210 1611 δρόμου
234 1534 329 1611 ἵδρυσε
353 1534 406 1610 τὴν
427 1528 563 1612 στρατιὴν
590 1535 635 1594 ἐπὶ
662 1539 779 1614 ποταμῷ
803 1533 905 1614 Ὀάρῳ·

101 1626 190 1681 τοῦτο
210 1621 240 1680 δὲ
251 1644 380 1697 ποιησας
395 1620 468 1681 ύκτω
483 1622 578 1702 τείχεα
593 1622 696 1732 ἐτείχεε
713 1623 854 1704 μεγάλα”
843 1647 906 1706 ισον

102 1707 147 1768 ἀπ
145 1707 342 1785 ’ἀλλήλων’
324 1710 474 1789 απέχοντα,
495 1711 667 1776 σταδίους
646 1738 682 1775 ως
702 1711 834 1789 ἑξήκοντα
854 1711 906 1789 μά·
916 1739 923 1757 ·

102 1791 194 1857 >mirei
210 1823 254 1875 κη·
274 1801 329 1858 τῶν
346 1798 387 1857 ἐτι
408 1803 435 1861 ἐς
450 1801 499 1874 ἐμὲ
514 1799 551 1859 τοὶ
569 1801 676 1877 ἐρείπια
688 1827 751 1860 σωα
763 1800 808 1877 ἦν.
843 1806 873 1860 ἐν
885 1799 907 1881 ᾧ

103 1884 181 1946 δὲ’
149 1911 230 1949 ουτος
241 1886 312 1964 πρδς
323 1890 411 1946 ταῦτα
430 1886 572 1963 ἐτράπετο,
587 1914 614 1947 οι
604 1888 787 1966 “διωκο’μενοι
800 1889 905 1954 Σκύθαι

103 1973 300 2051 περιελθόντες
314 1998 351 2033 τα
340 1972 522 2049 κατύπερθε
536 1974 742 2053 ύπέστρεφον’
729 2004 757 2039 ες
774 2003 826 2052 την
839 1979 908 2042 Σκυ·

104 2061 198 2137 θικήν·
226 2059 438 2137 ἀφανισθέντων
462 2060 493 2118 δέ
518 2060 622 2121 τούτων
647 2062 680 2121 τά
703 2061 844 2139 παράπαν,
873 2064 909 2129 ὥς

103 2149 198 2210 ούκέτι
218 2145 407 2225 ἐφαντάζοντό
425 2152 491 2221 σφι,
504 2147 575 2207 οὕτω
596 2147 631 2224 δη
647 2147 663 2207 ὁ
680 2153 798 2225 Δαρεῖος
814 2152 908 2231 τείχεα

103 2240 158 2316 μὲν
171 2240 262 2296 ἐκεῖνα
277 2235 398 2315 η’μίεργα
410 2238 522 2311 μἐτῆκε,
536 2234 620 2297 αύτδς
632 2235 662 2294 δὲ
673 2235 853 2314 ὑποστρέψας
865 2238 909 2313 ἤϊε

104 2325 177 2403 πρδς
189 2325 320 2401 ἑσπέρην,
328 2322 429 2381 δοκιων
441 2321 555 2385 τούτους
568 2348 599 2381 τε
612 2322 716 2388 πάντας
725 2323 790 2388 πούς
800 2324 909 2389 Σκύθας

106 2414 177 2474 εἶναι
190 2412 319 2491 καὶπρὸς
332 2409 455 2488 ἕσπέρην
467 2410 560 2486 σφέας
573 2410 696 2492 φεύγειν.

146 2500 289 2561 Ἐλαύνων
309 2499 339 2558 δὲ
357 2497 411 2575 την
429 2499 569 2580 ταχίστην
587 2498 637 2559 τάν
657 2498 788 2577 στρατδν,
810 2498 846 2564 ιύς
862 2505 889 2563 ἐς
900 2504 956 2560 125

104 2590 159 2667 τὴν
181 2588 320 2665 Σκυθικὴν
341 2586 466 2656 ἀπίκετο,
489 2587 618 2665 ἐνέκυρσε
641 2586 821 2669 ἀμφοτέρῃσι
840 2593 909 2668 τῇσι

105 2679 225 2757 μοίρῃσι
244 2682 299 2739 τῶν
321 2675 457 2746 Σκυθέων,
473 2676 594 2755 ἐντυχὼν
615 2676 653 2745 δὲ,
676 2676 769 2737 ἐδίωκε
786 2677 911 2753 ύπεκφέ·

106 2792 207 2844 ροντας
223 2766 329 2845 ἡμέρης
348 2766 412 2845 ὁδῷ·
433 2764 488 2834 καὶ,
505 2762 541 2823 ού
555 2763 611 2845 γάρ
627 2762 697 2824 α’νίει
717 2764 800 2825 ἐπιών
818 2765 834 2826 ὁ
853 2772 910 2823 Δα-

107 2856 191 2932 ρεῖος,
205 2857 233 2913 οἱ
250 2854 355 2918 Σκύθαι
373 2853 444 2913 κατὰ
463 2849 500 2911 τά
516 2852 732 2929 βεβουλευμένα
751 2852 911 2933 ὑπέφευγον

110 2948 138 3003 ἐς
149 2943 206 3000 τῶν
218 2939 411 3018 ἀπειπαμένων
419 2940 476 3017 τὴν
488 2939 630 3016 σφετέρην
643 2939 817 3017 συμμαχίην·
837 2939 911 3015 τροί-

108 3054 162 3104 την
177 3027 216 3097 δέ,
231 3034 258 3092 ἐς
273 3033 328 3088 τῶν
340 3028 568 3110 Μελαγχλαίνων
579 3026 631 3103 τήν
646 3030 710 3108 γῆν·
731 3026 766 3089 ὦς
778 3027 807 3085 δὲ
821 3028 909 3103 ἐσβα-

109 3116 209 3179 λόντες
220 3115 334 3179 τούτους
346 3116 481 3192 ἐτάραξαν
494 3117 525 3176 οἵ
533 3141 566 3175 τε
579 3114 685 3181 Σκύθαι
694 3115 739 3174 καὶ
749 3118 779 3194 ,οἱ
790 3112 910 3192 Πέρσαι,

111 3205 280 3286 κατηγέοπο
302 3208 329 3263 οῖ
355 3203 461 3267 Σκύθαι
487 3210 515 3267 ἐς
541 3207 596 3264 τῶν
621 3201 822 3284 Ἀνδροφάγων
847 3203 913 3268 τούς

110 3293 227 3373 χοίρους·
253 3292 446 3371 ταραχθέντων
469 3292 499 3351 δέ
525 3293 572 3352 καὶ
592 3291 706 3363 τούτων,
734 3291 844 3369 ύπῆγον
866 3292 912 3353 ἐπὶ

190 3380 221 3425 26
