2150 3500
488 109 672 160 'HPOAO'I'OT
931 141 935 142 ν

181 194 210 252 ές
231 188 265 250 τά
287 190 385 266 μέσον·
413 216 429 249 ο
421 188 484 248 ’δὲ
504 189 625 249 ε’νθαυτα
650 187 728 263 δή’
707 214 745 247 ων
769 189 912 264 ἐκφαίνει,
936 132 990 265 φάς

181 275 314 353 ἀτρεκέως
334 279 386 355 μὲν
410 302 459 335 ουκ
482 276 655 335 ἐπίστασθαι
678 274 828 352 ὁμιλήσας
853 276 919 336 δὲ’
910 303 991 357 ιητρῳ

180 365 313 442 φλαύρως
331 366 403 443 ἔχειν
415 364 468 439 τήν
480 364 591 442 τέχνην·
612 362 684 441 μετά
697 363 735 433 δὲ,
750 362 787 425 ὦς
800 367 831 423 οἶ
846 364 989 444 ἐπέτρεψε,

180 451 375 528 Ἑλληνικοῖσι
395 451 495 529 ἰήμασι
516 450 673 530 χρεώμενος
695 451 742 510 καὶ
765 450 841 525 ἤπια
861 453 937 529 μετά
956 453 990 514 τά

181 540 284 619 ἶσχυρά
305 539 464 619 προσάγων,
488 538 577 599 ὕπνου
599 540 633 600 τέ
650 564 701 615 μιν
719 539 881 619 λαγχάνειν
902 542 990 601 ἐποίεε

180 629 227 687 καὶ
240 633 269 687 έν
281 627 373 707 χρόνῳ
386 626 474 708 ὀλίγῳ
486 626 567 707 ἀγιέα
579 652 629 703 μιν
641 626 723 686 ἐόντα
736 624 867 697 ἀπέδεξε,
882 627 990 705 οὐδαμά

180 716 221 775 ἔτι
243 716 393 787 ἐλπίζοντα
413 713 547 793 ἀρτίπουν
571 715 697 775 ἔσεσθαι.
738 712 875 790 δωρέεται
892 715 930 791 δή
945 742 991 793 μιν

180 803 251 880 μετά
267 806 356 863 ταῦτα
370 802 385 862 ὁ
399 806 519 880 Δαρεῖος
535 801 640 861 πεδέων
651 802 779 880 χρυσέων
793 801 848 861 δύο
868 802 989 885 ζείγεσι·

181 889 198 949 ἀ
211 890 242 950 δέ
254 916 303 967 μιν
317 891 448 967 ἐπείρετο,
463 890 489 949 εἶ
505 892 533 949 οἱ
546 889 699 965 διπλήσιον
710 889 744 949 τὸ
759 888 851 950 κακάν
864 892 990 968 ἐπίτηδες

180 979 256 1055 νέμει
276 977 319 1039 ὅτι
338 1003 387 1055 μιν
406 976 486 1059 ν’γιέα
507 978 642 1053 ε’ποίησε;
667 976 766 1052 ήσθεὶς
784 977 817 1036 δὲ
837 981 879 1057 τῷ
898 980 990 1041 ἔπεῐά

181 1070 299 1143 Δαρεῖος
319 1066 481 1142 ἀποπέμπει
499 1090 550 1142 μιν
567 1064 644 1142 παρά
660 1064 711 1127 τάς
726 1068 832 1125 ἑωυτοῦ
843 1067 989 1146 γυναῖκας·

180 1154 353 1236 παράγοντες
365 1155 395 1216 δὲ
409 1156 436 1214 οἶ
449 1152 577 1232 εὐνοῦχοι
590 1154 688 1234 ἔλεγον
697 1151 770 1230 πράς
781 1152 836 1215 τάς
847 1159 990 1233 γυναῖκας,

181 1241 216 1307 ὥς
230 1242 351 1320 βασιλέϊ
366 1239 446 1305 οὗτος
466 1241 509 1317 εἴη
528 1240 560 1304 ὃς
577 1240 630 1316 τήν
647 1240 742 1319 ψυχήν
762 1238 905 1302 ἀπέδωκε·
924 1242 989 1304 ἀτο-

180 1331 325 1391 κύπτουσα
346 1330 376 1390 δὲ
397 1327 499 1388 αὖτέων
520 1326 626 1403 ἑκάστη
647 1328 739 1406 φιάλῃ
760 1333 789 1391 ές
808 1332 863 1388 τοῦ
879 1336 990 1408 χρυσοῦ

179 1419 232 1495 τήν
248 1419 335 1495 θήκην
352 1417 482 1494 ἐδωρέετο
497 1415 668 1492 Δημοκήδεα
683 1414 754 1475 οὕτω
771 1414 808 1491 δή
823 1442 854 1475 τι
875 1417 991 1496 δαψιλεῖ

179 1506 274 1585 δωρεῇ,
289 1506 324 1568 ὥς
335 1505 400 1568 τούς
413 1503 623 1567 ἀποπίπτοντας
635 1502 692 1563 ἀπά
704 1506 760 1588 τάν
775 1504 908 1580 φιαλέων
920 1532 990 1568 οτα-

178 1596 265 1668 τῆρας
288 1591 420 1668 ἑπόμενος
441 1590 457 1652 ἀ
478 1591 594 1667 οἰκέτης,
616 1594 657 1669 τῷ
679 1588 787 1667 οὕνομα
810 1590 849 1667 ἦν
871 1593 990 1665 Σκίτων,

178 1678 336 1761 ἀνελέγετο·
366 1680 414 1739 καί
436 1682 463 1739 οἱ
483 1682 581 1760 χρῆμα
603 1677 716 1739 πολλόν
735 1704 765 1739 τι
787 1684 903 1758 χρυσοῦ
922 1706 990 1744 σνν-
1051 1697 1052 1702 ’

178 1767 291 1846 ελέχθη.

132 1857 187 1916 131
230 1855 264 1914 Ὁ
279 1855 309 1915 δὲ
323 1855 490 1933 Δημοκήδης
500 1853 581 1919 οὗτος
593 1851 646 1915 ὦδε
659 1860 690 1915 ἐκ
703 1853 855 1932 Κρότωνος
866 1855 989 1939 ἀπιγμέ-

178 1969 225 2007 νος
239 1942 418 2021 Πολυκράτεϊ
434 1943 573 2020 ὦμίλησε·
592 1943 680 2021 πατρὶ
695 1943 844 2023 συνείχετο
860 1949 893 2005 έν
910 1947 987 2024 Κρό-

178 2059 243 2094 τωνι
270 2031 358 2114 ἀργήν
384 2034 508 2112 χαλεπῷ·
535 2034 636 2092 τοῦτον
656 2031 719 2091 ε’πεί
740 2056 773 2092 τε
794 2030 848 2091 οὐκ
868 2033 988 2095 ε’δάνατο

178 2123 282 2199 φέρειν,
300 2119 448 2181 ἀπολιπών
469 2120 564 2198 οἴχετο
584 2125 612 2183 ἐς
632 2120 759 2199 Αἴγιναν·
786 2121 936 2185 καταστάς
956 2124 988 2182 δὲ

178 2214 206 2275 ές
218 2209 329 2285 ταύτην,
343 2212 382 2287 τῷ
394 2207 493 2287 πρώτῳ
507 2208 562 2267 έτεῖ
573 2206 768 2284 ἀπεριβάλετο
777 2207 844 2271 τούς
855 2208 988 2286 πράτους

179 2298 295 2375 ἶητρούς,
312 2295 432 2372 ἀσκευής
452 2321 505 2373 περ
525 2294 577 2356 εἰδν
592 2296 639 2354 καὶ
659 2296 729 2374 έχων
749 2294 831 2355 οάδέν
849 2300 908 2357 τῶν
926 2297 988 2360 ὅσα

177 2386 242 2461 περὶ
253 2383 306 2460 τήν
317 2385 418 2462 τέχνην
432 2385 494 2445 ε’στὶ
508 2383 655 2464 ε’ργαλήῖο·
676 2383 726 2442 καί
735 2394 784 2459 μιν
797 2382 917 2464 δευτέρῳ
929 2386 988 2446 ἔτεῖ

175 2470 314 2531 ταλάντου
334 2474 482 2550 Αἰγινῆται
502 2471 626 2550 δημοσίη
644 2471 818 2548 μισθεῦνται·
845 2465 987 2551 τρίτῳδὲ

177 2560 231 2618 έτεῖ
246 2557 391 2631 Ἀθηναῖοι
406 2557 505 2618 ἔκατάν
520 2559 623 2635 μνέων·
639 2556 761 2637 τετάρτῳ
773 2558 802 2617 δὲ
815 2558 872 2619 έτεῖ
886 2564 986 2636 Πολυ-

177 2645 278 2725 κράτης
298 2646 369 2706 δυῶν
384 2644 539 2706 ταλάντων.
576 2644 648 2706 οὕτω
666 2649 719 2723 μὲν
738 2643 855 2706 ἀπίκετο
876 2651 906 2710 ές
929 2649 986 2724 τήν

180 2735 285 2812 Σάμον.
326 2734 373 2794 καὶ
396 2732 454 2795 ἀπά
475 2733 576 2796 τούτου
597 2735 650 2794 τοῦ
674 2731 773 2811 ἀνδράς
795 2731 845 2792 οὐκ
872 2732 984 2809 ἥκιστα
1044 2726 1046 2767 ²

176 2823 368 2898 Κροτωνιῆται
389 2821 478 2900 ἰητροὶ
501 2819 699 2897 εὐδοκίμησαν.
732 2821 843 2901 ἐγένετο
862 2820 921 2901 γάρ
944 2822 986 2884 ὧν

175 2911 258 2966 τοῦτο
276 2908 322 2968 ὅτε
341 2913 447 2984 πρῶτοι
459 2910 511 2984 μὲν
524 2906 718 2984 Κροτωνιῆται
739 2908 829 2984 ἰητροὶ
844 2909 985 2990 ε’λέγοντο

174 2990 227 3050 ἀνά
236 3018 287 3066 την
299 2993 466 3052 Ἑλλάδα
440 3018 517 3052 ειναι·
535 2992 658 3069 δεύτεροι
672 2994 710 3064 δὲ,
721 2997 888 3071 Κυρηναῖοι·
907 3004 984 3058 κατα

172 3076 222 3134 τάν
239 3077 325 3137 αὖτάν
340 3079 370 3137 δὲ
388 3078 492 3156 χρόνον
511 3079 558 3137 καὶ
576 3077 735 3158 Ἀργεῖοι*
716 3105 818 3186 ηκουον
832 3084 983 3160 μουσικήν

127 3158 183 3214 132
194 3159 264 3219 εἶναι
279 3162 425 3236 Ελλήνων
444 3166 559 3239 πρῶτοι.
599 3164 672 3224 Τότε
688 3166 749 3227 δε
731 3193 748 3226 ο
762 3169 967 3245 Δημοκήδης’
951 3197 983 3231 εν
1041 3200 1042 3213 ¹

170 3248 247 3302 τοῖσι
268 3245 406 3309 Σούσοισι
426 3247 607 3324 ἐξιησάμενος
627 3257 758 3329 Δαρεῖον,
777 3254 856 3316 οἶκόν
873 3281 909 3317 τε
930 3259 982 3332 μέ·
1040 3278 1041 3367 η
