2150 3500
386 476 740 553 ἨΡοΔοΤου

282 628 839 718 ἰςυονιουλςυιιινιι

511 804 612 833 ..φ-

156 1018 173 1078 l
222 1019 447 1097 Τελευτήσαντος
474 1021 504 1080 δὲ
528 1020 625 1099 Κύρου
648 1020 798 1098 παρέλαβε
821 1015 876 1096 τήν
901 1017 990 1095 βασιι

182 1107 265 1215 ληίην
281 1108 452 1186 Καμβύσης,
466 1108 562 1186 Κύρου
576 1109 626 1170 ἔων
639 1113 705 1172 παῖς
718 1110 764 1168 καὶ
777 1104 991 1182 Κασσανδάνης

180 1199 232 1269 τῆς
256 1195 429 1302 Φαρνάσπεω
462 1196 607 1308 θργατρός·
644 1200 695 1272 τῆς
720 1192 989 1305 προαποθανούσης,

127 1284 133 1308 ³
182 1287 276 1361 Κῦρος
297 1282 381 1349 αύτός
399 1309 431 1344 τε
450 1285 525 1366 μέγα
542 1284 675 1347 πένθος’
661 1283 816 1360 εποιήσαπο
840 1281 887 1340 καὶ
909 1285 990 1341 τοῖσι

180 1369 299 1432 ἄλλοισι
318 1374 436 1450 προεῖπε
451 1376 526 1432 πᾶσι
542 1376 598 1433 τῶν
617 1371 688 1478 ἦρχε
709 1371 810 1434 πένθος
827 1369 987 1430 ποιέεσθαι·

180 1458 282 1534 ταύτης
292 1460 373 1518 δέ
337 1485 388 1536 της
404 1459 535 1541 γυναικός
549 1458 600 1520 ἐών
613 1464 679 1522 ταῖς
692 1484 738 1518 και
727 1458 847 1536 Κύρου
862 1455 989 1534 Καμβύ-
1052 1483 1053 1532 ι

181 1571 243 1623 οης,
258 1545 356 1610 Ἴωνας
373 1549 425 1623 μὲν
441 1548 487 1605 καὶ
503 1548 624 1611 Αἰολέας
641 1546 678 1610 αἷς
693 1546 810 1610 δούλους
830 1545 989 1622 πατρωίους

181 1630 276 1697 ἐόντας
288 1633 402 1711 ἐνόμιζε,
417 1635 464 1692 ἐπὶ
482 1634 512 1695 δὲ
527 1635 672 1716 Αἴγυπτον
688 1635 811 1694 ἐποιέετο
824 1638 986 1710 στρατηλα-

181 1722 255 1798 σίην,
277 1720 384 1786 ἄλλους
403 1749 435 1782 τε
452 1722 630 1801 παραλαβὼν
650 1725 706 1785 τῶν
726 1720 798 1802 ἦρχε
819 1722 865 1781 καὶ
881 1720 917 1801 δή
939 1724 987 1784 καὶ
1053 1732 1054 1738 ’

186 1809 323 1886 Ελλήνων
334 1814 389 1871 τῶν
401 1810 557 1889 ἐπεκράτεε.
1053 1814 1054 1819 ’

152 1900 171 1956 2
222 1902 259 1958 Οἱ
278 1899 308 1959 δὲ
325 1899 482 1981 Αἰγύπτιοι,
499 1901 567 1978 πρὶν
582 1902 634 1977 μὲν
652 1897 672 1977 ἢ
691 1900 870 1978 Ψαμμίτιχον
887 1900 987 1976 σφέων

179 1988 363 2065 βασιλεῦσαι,
374 1986 500 2066 ἐνόμιζον
508 1987 623 2051 ἐωυτοῦς
633 1987 758 2065 πρώτους
770 1987 904 2069 γενέσθαι
915 1988 986 2048 πείν-

180 2070 235 2135 των
250 2074 408 2153 ἀνθρώπων·
437 2075 531 2154 ἐπειδή
558 2076 588 2135 δὲ
608 2075 785 2155 Ψαμμίτιχος
803 2075 986 2153 βασιλεύσας

141 2228 144 2233 ,
180 2161 306 2241 ἠθέλησε
328 2165 426 2225 εἰδέναι
447 2164 546 2227 οἵτινες
565 2164 693 2245 γενοίατο
711 2167 825 2241 πρῶτοι,
845 2162 903 2224 dm}
920 2163 984 2226 τού·

179 2277 230 2312 του
250 2254 395 2330 νομίζουσι
414 2252 526 2334 Φρύγας
546 2252 697 2329 προτέρους
716 2251 849 2332 γενέσθαι
869 2254 984 2323 έωυτῶν,

178 2342 234 2424 τῶν
246 2340 276 2399 δέ
289 2339 385 2400 ἄλλων
398 2339 520 2403 ἑωυτούς
546 2341 724 2419 Ψαμμίτιχος
740 2339 795 2420 γὰρ
809 2338 845 2403 ὦς
861 2337 912 2399 ούκ
926 2338 983 2399 ἐδύ-

158 2452 248 2509 -νατο
270 2426 475 2504 πυνθανόμενος
494 2425 584 2504 πόρον
604 2427 702 2487 οὐδένα
724 2426 824 2487 τούτου
850 2425 983 2505 ἀνευρεῖν,

180 2512 208 2574 οἳ
222 2515 350 2595 γενοίατο
369 2518 475 2591 πρῶτοι
495 2513 655 2593 ἀνθρώπων,
674 2520 850 2594 ἐπιτεχνᾶται
864 2514 983 2575 τοιόνδε·

180 2602 278 2661 παιδία
290 2601 339 2662 δύο
355 2601 455 2685 νεογνὰ
471 2603 623 2681 ἀνθρώπων
638 2606 692 2663 τῶν
710 2602 894 2681 ἐπιτυχόντων
912 2603 984 2664 διδοῖ

179 2690 292 2768 ποιμένι
303 2692 417 2767 τρέφειν
433 2696 461 2754 ἐς
479 2691 516 2752 τοὶ
534 2692 651 2769 ποίμνια
668 2689 778 2768 τροφήν
790 2716 853 2751 τινα
864 2689 982 2769 τοιήνδε,

180 2777 371 2857 ἐντειλάμενος
389 2779 495 2856 μηδένα
515 2778 609 2839 ἀντίον
625 2777 715 2839 αὐτῶν
729 2778 867 2855 μηδεμίαν
886 2779 983 2855 φωνήν

181 2867 250 2927 ἱέναι
271 2873 300 2927 ἐν
320 2869 408 2949 στέγη
429 2868 459 2927 δὲ
477 2865 567 2947 ἐρήμη
585 2865 628 2926 ἐπ’
646 2870 751 2927 ἑωυτῶν
772 2867 886 2927 κέεσθαι
903 2866 981 2938 αὐτὰ,

181 2956 227 3014 καὶ
246 2955 299 3031 τήν
322 2954 395 3033 ὥρην
416 2956 569 3037 ἐπαγινέειν
589 2960 646 3030 σφι
667 2954 756 3035 αἶγας,
780 2953 933 3032 πλήσαντα
952 2956 982 3015 δὲ

179 3046 230 3103 τοῦ
258 3042 399 3125 γάλακτος
431 3042 526 3102 πόλλα
560 3040 798 3118 διαπρήσσεσθαι·
844 3045 933 3102 ταῦτα
958 3041 982 3104 δ’

180 3131 273 3190 ἐποίεέ
283 3156 314 3191 τε
327 3131 372 3189 καὶ
385 3131 545 3189 ἐνετέλλετο
564 3128 579 3187 ὁ
593 3134 778 3209 Ψαμμίτιχος,
796 3130 885 3191 θέλων
900 3130 981 3191 ἅκοῦ·

181 3243 233 3277 σαι
249 3223 304 3279 τῶν
319 3218 442 3288 παιδίων,
459 3215 699 3294 ἀπαλλαχθέντων
713 3221 768 3277 τῶν
788 3215 905 3294 ἀσήμων
921 3244 980 3278 κνυ·

180 3303 315 3381 ζηροίτων,
333 3302 429 3380 ἥντινα
444 3303 541 3380 φωνήν
560 3302 679 3381 ῥήξουσι
692 3304 814 3382 πρώτην·
840 3303 930 3380 τάπερ
943 3305 981 3366 αἰν
