2150 3500
132 87 147 132 6
428 75 611 136 Ηνουουοτ
862 99 865 104 ·
898 82 947 146 [Ι.

131 159 201 224 ὅκως
222 186 241 237 η
233 160 402 238 βασίλεια
425 161 530 232 καλέοι,
554 164 666 237 φοιτᾶν·
689 160 725 224 οῖς
747 159 817 219 δὲ
799 186 816 220 ο
839 156 948 239 Νγης

132 246 254 319 ἀπίκετο,
268 247 401 328 ἔλεγεν
382 275 400 324 η
420 275 489 330 γυνη
481 247 583 308 τάδε·
604 251 679 309 “νῦν
695 273 740 308 τοι
760 247 835 307 δυοῖν
855 244 948 306 οδοῖν

133 335 317 415 παρεουσέων,
332 335 417 417 Γύγη,
431 335 527 412 δίδωμι
540 335 656 411 αἵρεσιν,
667 333 799 410 ὁκοτέρην
810 332 945 409 βούλεαι

133 423 300 498 τραπέσθαι·
320 421 407 504 ἢγοῖρ
420 421 587 483 Κανδαύλεα
600 421 762 484 οἷποκτείνας
777 421 828 498 ε’μέ
838 445 872 481 τε
887 419 944 478 καὶ

133 507 185 583 τὴν
201 509 359 584 βασιληίην
379 510 425 588 ἔχε
444 507 497 584 τὴν
511 509 618 584 Λυδῶν,
633 507 652 584 ἢ
672 507 758 569 αύτδν
778 510 814 567 σὲ
832 505 943 565 αὐτίκα

134 595 205 655 οὕτω
222 595 410 672 ἀποθνήσκειν
425 595 475 656 δεῖ·
497 595 534 659 ὥς
550 594 585 655 ἂν
598 595 648 672 μὴ,
663 595 754 655 πάντα
768 592 942 670 πειθόμενος

136 682 296 762 Κανδαύλῃ,
309 685 359 742 τοῦ
374 685 476 742 λοιποῦ
489 682 550 760 ’ίδης
561 682 598 742 τοὶ
614 681 655 758 μή
667 707 703 742 σε
720 681 771 741 δεῖ.
790 679 857 740 αλλ’
869 677 941 755 ἤτοι

136 768 226 829 κεῖνόν
237 795 272 850 γε
286 768 336 829 τὸν
347 772 436 828 ταῦτα
447 767 645 844 βουλεύσαντα
657 769 700 828 δεῖ
711 767 904 836 α’πόλλυσθσι,
918 764 941 842 ἢ

136 858 172 914 σὲ
191 854 242 915 τδν
262 857 311 933 ε’μέ
332 856 440 936 γυμνὴν
460 854 638 932 θηησοίμενον
657 856 703 914 καὶ
721 853 882 930 ποιήσαντα
901 851 940 912 ού

137 939 328 1018 νομιζόμενα.”
348 941 365 1001 ὁ
386 941 415 1001 δὲ
435 941 526 1022 Γύγης
545 943 612 1006 τέως
630 944 681 1019 μὲν
699 940 880 1016 οἱπεθιύυμαζε
895 937 940 1000 ’τοὶ

137 1027 284 1109 λεγόμενα·
303 1027 376 1105 μετὰ
394 1029 432 1100 δὲ,
452 1029 553 1088 ἱκέτευε
568 1029 610 1106 μή
626 1054 675 1106 μιν
691 1027 829 1109 ἀναγκαίη
847 1027 939 1087 ἐνδεῖν

137 1115 273 1192 διακρῖναι
284 1113 414 1191 τοιαύτην
424 1115 542 1193 αἵρεσιν·
558 1114 689 1192 ούκωνδη
700 1116 790 1177 ἔπειθε
800 1113 866 1173 ἀλλ’
876 1112 939 1191 ὥρα

138 1201 290 1283 α’ναγκαίην
307 1202 439 1278 ἀληθέως
462 1204 654 1281 προκειμένην,
676 1201 696 1279 ἢ
720 1202 770 1263 τδν
794 1200 938 1262 δεσποτεα

139 1287 329 1350 ἀπολλύναι
312 1315 330 1395 η
347 1288 431 1351 αύτδν
441 1288 488 1349 ὕπ’
504 1288 600 1350 ἄλλων
611 1289 842 1358 ἀπόλλυσθαι,
814 1288 937 1365 αιρέεται

139 1375 223 1440 αύτδς
239 1379 380 1454 περιεῖναι·
402 1375 534 1454 ἐπειρώτα
549 1376 584 1485 δη
600 1374 777 1458 λέγωντοίδε·
797 1374 886 1435 “ε’πεί
896 1401 936 1452 με

139 1461 300 1544 οἶνογκαζεις
312 1461 492 1522 δεσπότεα
459 1488 510 1523 τον
522 1462 590 1539 ε’μδν
598 1464 719 1534 κτείνειν,
729 1461 778 1522 οὐκ
792 1462 933 1568 ἐθέλοντα,

140 1548 245 1626 φέρε’
227 1548 338 1609 ακούσω
353 1549 406 1628 τέω
423 1549 470 1607 καὶ
486 1549 580 1628 τρόπω
596 1549 811 1660 ε’πιχειρησορεν
825 1547 933 1626 αύτῷ;”

140 1662 168 1712 η
151 1635 206 1695 ’δὲ
217 1635 409 1712 ὑπολαβοῦσα
422 1637 484 1712 ἔφη,
501 1641 541 1672 “’
528 1663 558 1696 εκ
574 1642 625 1697 τοῦ
637 1636 722 1697 αὐτοῦ
733 1639 786 1713 μὲν
797 1635 899 1715 χωρίου
912 1635 932 1712 ἦ

140 1721 214 1801 ὁρμὴ
228 1723 308 1783 ἔσται
320 1722 385 1784 ὅθεν
397 1750 450 1801 περ
464 1723 509 1783 καὶ
525 1729 626 1789 ἐκεῖνος
642 1727 691 1802 ε’μέ
707 1723 852 1794 ἐπεδέξατο
864 1748 932 1804 γυμ-

93 1809 199 1887 12νύν·
225 1810 373 1890 ύτνωμένῳ
396 1810 426 1870 δὲ
450 1810 469 1887 ἡ
496 1812 667 1891 ἐπιχείρησις
689 1809 794 1872 έσται.”
832 1810 881 1873 Ὡς
902 1810 932 1870 δὲ

138 1896 263 1975 ἤρτυσαν
280 1897 332 1973 τὴν
353 1898 517 1975 ἐπιβουλὴν,
535 1898 633 1963 νυκτδς
650 1898 804 1981 γινομένης,
816 1895 862 1977 (ού
877 1896 931 1977 γὰρ

139 1985 249 2061 μετίετο
259 1984 275 2045 ὁ
286 1981 385 2065 Γύγης,
397 1984 461 2045 ου’δέ
472 1988 499 2045 οἶ
511 1984 547 2062 ἦν
557 1984 711 2067 α’παλλαγὴ
722 1984 843 2062 οὐδεμία,
857 1982 931 2043 ἀλλὰ

141 2072 198 2132 ἔδεε
210 2070 228 2148 ἢ
238 2070 323 2132 αύτδν
335 2072 511 2134 ἀπολωλέναι
520 2072 539 2150 ἢ
549 2071 735 2153 Κανδαύλεα),
746 2072 839 2131 εἵπετο
849 2075 876 2133 ἐς
883 2069 930 2131 τδν

106 2222 108 2228 ,
141 2157 437 2240 θάλαμοντῇγυναικί·
451 2158 929 2241 κοίμινε’κείνη,ε’γχειρίδιονδοῦσα,

34 2252 35 2265 ’
141 2246 323 2324 κατακρύπτει
335 2245 390 2306 ύπδ
402 2245 454 2321 την
467 2245 553 2322 αὐτὴν
566 2245 661 2323 θύρην.
694 2246 741 2304 καὶ
755 2244 827 2321 μετὰ
838 2248 936 2314 ταῦτα,Ι

141 2331 349 2409 α’ναπαυομένου
357 2332 534 2402 Κανδαύλεω,
542 2332 711 2400 ύπεισδύςτε
718 2332 764 2391 καὶ
772 2332 929 2395 ἀποκτείνας

142 2417 234 2487 αὐτὸν,
243 2418 311 2497 ἔσχε
319 2418 548 2499 καὶτηνγυναῖκα
556 2419 601 2478 καὶ
610 2418 662 2494 τὴν
668 2419 826 2495 βασιληίην
833 2418 926 2499 Γύγης·

140 2506 202 2585 (τοῦ
212 2530 258 2563 και
247 2503 466 2584 Ἀρχίλοχος
449 2532 465 2565 ο
477 2504 591 2582 Παριος,
600 2531 672 2565 κατα
679 2531 729 2565 τον
739 2504 825 2566 αύτον
832 2505 927 2616 χρόνον

39 2606 41 2665 3
97 2590 326 2672 13γενόμενος,’
313 2617 342 2650 εν
361 2589 454 2670 ἰάμβῳ
471 2592 607 2671 τριμέτρῳ
624 2591 808 2673 ἐπεμνήσθη.)
842 2590 927 2671 Ἔσχε

41 2712 42 2721 ¹
130 2678 219 2739 δὲ
182 2703 235 2755 την
246 2678 403 2755 βασιληίην
417 2704 462 2737 και
452 2678 653 2756 ἐκρατύνθη’
640 2705 670 2739 εκ
685 2705 735 2740 του
749 2683 778 2739 ἐν
791 2682 927 2755 Δελφοῖσι
957 2726 960 2733 .

141 2764 323 2844 χρηστηρίου
345 2765 381 2828 ὦς
392 2792 447 2846 γαρ
462 2764 495 2841 δὴ
509 2791 536 2825 οι
527 2766 635 2826 ’Λυδοὶ
648 2765 764 2827 δεινόν’
751 2769 887 2825 εποιεῦντο
897 2765 926 2825 τὰ

143 2851 312 2913 Κανδαύλεω
326 2850 416 2916 πάθος
433 2853 479 2911 καὶ
497 2858 525 2913 ἐν
541 2852 658 2913 ὅπλοισι
672 2853 756 2929 ἦσαν,
772 2854 927 2930 συνέβησαν

144 2943 171 3003 ἐς
186 2938 273 2999 τῶυτδ
290 2940 320 2999 οἵ
334 2965 366 2999 τε
380 2943 430 3000 τοῦ
448 2938 543 3021 Γύγεω
561 2945 718 3001 στασιῶται
735 2941 781 3000 καὶ
796 2943 824 3000 οἱ
842 2940 927 2999 λοιποὶ

142 3027 237 3096 Λυδοὶ,
250 3025 284 3103 ἢν
301 3030 353 3105 μὲν
365 3027 400 3103 δὴ
415 3025 449 3087 τδ
464 3027 638 3105 χρηστήριον
647 3026 737 3105 ἀνέλῃ
751 3052 801 3104 μιν
812 3026 928 3102 βασιλέα

143 3111 212 3171 εῖναι
224 3112 329 3183 Λυδῶν,
342 3114 392 3174 τδν
404 3114 434 3174 δὲ
445 3112 620 3189 βασιλεύειν·
635 3111 671 3189 ἢν
683 3114 714 3172 δὲ
725 3113 775 3191 μὴ,
788 3111 927 3173 α’ποδοῦναι

142 3195 235 3260 ύπίσω
252 3202 280 3263 ἔς
294 3198 479 3277 Ἡρακλείδας
497 3200 551 3279 τὴν
568 3199 668 3279 ἀρχήν·
689 3199 784 3262 ἅνεῖλέ
802 3224 834 3258 τε
850 3198 881 3270 δὴ
898 3198 926 3259 τδ
