2150 3500
67 115 73 123 ·
107 111 250 183 ιιι-ιω]
454 119 568 173 nmo.
876 119 908 177 τι

108 197 189 260 δόναι
200 195 334 274 Πακτύην
343 198 487 278 Πέρσησι·
508 199 579 278 πρός
590 205 678 262 ταῦτα
691 201 707 261 ό
719 201 909 280 Ἀριστόδικος

108 291 143 346 ἐκ
161 287 293 364 προνοίης
315 287 405 346 ἐποίεε
425 287 501 346 τάδε·
527 287 641 364 περιιων
660 288 709 350 τόν
730 289 797 366 νηόν
817 289 909 372 κύκλῳ

108 374 216 453 ἐξαίρεε
232 374 298 438 τούς
313 374 467 487 στρουθοής
485 377 532 436 καὶ
548 375 661 435 ἄλλο’
645 402 701 437 οσα
716 376 751 453 ἦν
763 404 909 440 νενοσσευ-

106 463 181 540 μένα
199 461 369 540 όρνίθων’
334 489 417 544 γενεα
435 467 465 522 ἐν
482 467 522 542 τῶ
539 467 603 543 νηῶ·
623 465 765 529 ποιέοντας
782 465 859 525 δὲ’
824 471 909 526 αυτοῦ

107 554 205 621 ταῦτα,
225 550 339 632 λέγεται
360 549 455 627 φωνήν
474 555 504 610 ἐκ
523 555 574 610 τοῦ
591 551 692 612 ἀδύτου
705 554 845 634 γενέσθαι,
860 556 909 630 φέ-

107 663 217 715 ρουσαν
225 641 278 714 μὲν
289 637 361 716 πρός
373 636 423 698 τόν
436 637 629 717 Ἀριστόδικον
641 640 783 722 λέγουσαν
795 641 909 702 δὲτάδε·

108 723 301 787 ’(ἀνοσιιότατε
312 724 471 804 ἀνθρώπων,
478 727 509 786 τί
518 725 585 787 τάδε
596 731 706 807 τολμᾷς
712 729 815 790 ποιέειν
823 730 909 800 {tofis

109 813 202 877 ἱκέτας
217 839 274 892 μου
292 818 322 873 ἐκ
337 818 388 874 τοῦ
403 818 471 890 νηοῦ
484 814 616 893 κεραΐζεις
625 814 649 885 ;”
669 815 861 894 Ἀριστόδικον
879 817 909 877 δὲ

108 899 161 962 οὔκ
178 899 369 980 ἀπορήσαντα,
388 902 459 980 πρός
478 907 567 962 ταῦτα
586 905 681 964 εἰπεῖν·
703 903 809 977 ’(ὦναξ,
826 904 909 970 αὐτός

107 990 161 1066 μὲν
184 988 255 1049 οὕτω
275 993 352 1050 τοῖσι
373 991 481 1070 ἶκέτησι
499 992 637 1068 βοηθέεις,
657 993 801 1069 Κυμαίους
821 993 851 1053 δὲ
867 1019 909 1055 κε-

107 1075 199 1140 λεύεις
223 1076 274 1138 τόν
295 1078 387 1154 ἱκέτην
409 1078 544 1139 ἐκδιδόναι
553 1079 578 1148 ;”
605 1078 656 1140 τόν
677 1079 708 1139 δὲ
734 1080 811 1145 αὖτις
832 1080 909 1158 ἀμεί·
933 1142 935 1146 ,

107 1165 220 1241 ψασθαι
238 1165 344 1226 τοῖσδε·
371 1175 390 1201 “
396 1167 442 1227 ναὶ
462 1165 573 1238 κελεύω,
594 1166 639 1227 ἶνα
658 1193 692 1249 γε
711 1166 908 1245 ἀσεβήσαντες

107 1252 221 1314 θᾶσσον
241 1252 399 1330 ἀπόλησθε·
426 1253 463 1318 ἀς
481 1254 523 1331 μή
543 1253 576 1314 τό
597 1255 699 1315 λοιπόν
715 1255 779 1331 περὶ
801 1256 909 1317 ἱκετέων

107 1339 235 1404 ἐκδόσιος
255 1342 355 1418 ἔλθητε
375 1342 422 1401 ἐπὶ
445 1341 479 1402 τό
505 1340 703 1422 χρηστήριον.”
735 1346 830 1404 Ἷλιῦτα
853 1343 955 1406 ἀςῙόΟ

106 1426 305 1507 ἀπενειχθέντα
324 1427 452 1505 ἤκουσαν
471 1432 500 1490 οἱ
526 1432 659 1508 Κυμαῖοι,
683 1429 715 1490 ού
737 1428 910 1508 βουλόμενοι

106 1513 174 1576 οὔτε
186 1515 309 1580 ἐκδόντες
324 1515 483 1578 ἀπολέσθαι
496 1516 560 1578 οὔτε
575 1517 641 1596 παρ’
655 1521 782 1578 ἐωυτοῖσι
800 1519 910 1598 ἔχοντες

105 1604 334 1682 πολιορκέεσθαι,
351 1609 379 1667 ἐς
394 1604 560 1682 Μυτιλήνην
574 1605 657 1666 αὐτόν
677 1608 860 1684 ἐκπέμπουσι·
882 1609 909 1666 οἳ

106 1689 139 1751 δὲ
158 1695 354 1769 Μυτιληναῖοι,
371 1691 576 1771 ἐπιπέμποντος
594 1698 645 1755 τοῦ
663 1694 811 1772 Μαζάρεος
825 1693 908 1777 ἀγγε-

105 1781 172 1843 λίας
197 1779 333 1841 ἐκδιδόναι
357 1780 408 1842 τόν
427 1780 570 1859 Πακτύην,
590 1783 836 1862 ’παρεσκευάζοντο
863 1783 908 1843 ἐπὶ

105 1870 202 1948 μισθῷ
214 1867 273 1948 όσῳ
286 1867 331 1944 δή·
352 1867 385 1929 ού
396 1868 452 1951 γάρ
466 1870 520 1948 έχω
532 1869 616 1932 τοῦτό
625 1896 659 1953 γε
670 1875 755 1932 εἰπεῖν
765 1871 907 1950 ἀτρεκέως·

106 1954 141 2017 ού
155 1956 212 2037 γάρ
233 1955 378 2034 ε’τελεόθη·
406 1960 531 2035 Κυμαῖοι
552 1958 608 2040 γάρ
635 1958 671 2023 ὥς
694 1960 798 2036 ἔμαθον
820 1964 909 2021 ταῦτα

105 2044 294 2122 πρησσόμενα
307 2049 338 2104 ἐκ
350 2046 623 2126 τόν-Μιπιληναίων,
634 2046 793 2123 πέμψαντες
805 2050 908 2109 πλοῖον

106 2136 136 2196 ἐς
151 2134 270 2210 Λέσβον
288 2134 467 2211 ἐκκομίζουσι
484 2133 619 2210 Πακτύην
635 2138 663 2196 ἐς
681 2134 762 2194 Χίον·
783 2134 908 2195 ἐνθεῦτεν

106 2219 146 2290 δέ,
165 2222 196 2290 ἐξ
209 2224 270 2298 ἶραῦ
289 2219 440 2298 Ἀθηναίης
458 2220 622 2301 Πολιούχου
638 2220 835 2284 ἀποσπασθεὶς
852 2220 907 2282 όπά

104 2308 184 2368 Χίων
199 2308 322 2385 ἐξεδόθη·
343 2308 476 2379 ἐξέδοσαν
492 2309 523 2369 δὲ
541 2312 567 2369 οἶ
583 2312 650 2369 Χῖοι
667 2308 713 2369 ἐπὶ
724 2311 763 2387 τῷ
780 2306 909 2385 Ἀταρνέῖ

103 2397 209 2475 μισθῷ·
238 2400 289 2457 τοῦ
310 2396 341 2455 δὲ
362 2395 511 2475 Ἀταρνέος
532 2396 633 2457 τούτου
659 2396 721 2457 ε’στὶ
745 2398 836 2476 χῶρος
855 2401 906 2474 τῆς

105 2485 229 2559 Μυσίης,
249 2484 370 2561 Λέσβου
389 2483 490 2549 ἀντίος.
524 2483 658 2561 Πακτύην
676 2484 729 2562 μέν
748 2510 796 2546 νυν
818 2510 906 2565 παρα-

104 2569 251 2649 δεξόμενοι
276 2575 304 2632 οἱ
329 2573 442 2651 Πέρσαι
468 2572 544 2652 εἶχον
571 2577 600 2634 ἐν
627 2577 751 2653 φυλακῇ,
777 2574 907 2638 θέλοντες

103 2657 191 2739 Κύρῳ
211 2659 355 2730 ἀποδέξαι.
388 2659 425 2737 ἦν
447 2660 478 2719 δὲ
497 2658 599 2740 χρόνος
625 2659 705 2725 οὗτος
731 2661 781 2722 οὐκ
807 2661 903 2744 ὀλίγος

102 2746 261 2827 γενόμενος,
275 2747 322 2809 ὅτε
338 2748 415 2808 Χίων
431 2746 518 2812 οὐδεὶς
534 2752 565 2807 ἐκ
580 2753 631 2809 τοῦ
647 2748 794 2827 Ἀταρνέος
805 2748 905 2809 τούτου

103 2833 169 2895 ούτε
190 2834 277 2899 οάλάς
297 2836 398 2914 κριθῶν
415 2834 557 2915 πρόχυσιν
580 2837 703 2897 ἐποιέετο
721 2838 791 2899 θεῶν
806 2835 904 2907 οὐδενὶ,

102 2921 169 2983 οὔτε
185 2922 321 3001 πέμματα
340 2924 480 2985 ἐπέσσετο
497 2927 606 3001 καρποῦ
618 2928 669 2984 τοῦ
682 2924 814 2993 ἐνθεῦτεν,
827 2922 906 2983 ἀπεί·

101 3010 172 3089 χετό
190 3035 222 3072 τε
241 3014 298 3071 τῶν
313 3010 425 3073 πάντων
444 3014 510 3089 ἱρῶν
528 3010 566 3070 τὰ
585 3009 677 3071 τάντα
695 3014 727 3071 ἐκ
745 3014 796 3086 τῆς
810 3009 903 3089 χώρης

48 3089 54 3099 ’
101 3095 206 3174 ταύτης
217 3097 360 3179 γινόμενα.

143 3188 212 3246 Χῖοι
226 3186 281 3293 μέν
295 3212 345 3249 νυν
362 3183 498 3262 Πακτύην
513 3148 655 3255 ἐξεδοσαν.
696 3183 832 3264 Μαζάρης
851 3184 882 3245 δὲ
892 3185 948 3247 161

100 3270 276 3350 μεταταυτο
283 3271 465 3352 ἐστρατευειο
472 3271 519 3332 ἐπι
525 3296 592 3336 τους
599 3271 901 3351 συμπολιορκησαντας
