2150 3500
112 134 226 198 ιιι-αι]
452 136 586 187 omn.
870 142 919 190 ιιι

111 240 147 274 τε
160 219 247 286 νικᾶν,
262 220 290 278 ἐς
303 216 386 294 ἐχθεα
399 216 512 299 μεγάλα
524 216 682 293 α’λλήλοισι
698 218 876 279 ἀπικνέονται
888 220 921 291 ἐξ

111 300 153 363 ὦν
167 302 283 365 στάσιες
297 304 460 384 ἐγγίνονται,
475 309 505 363 ἐκ
524 304 555 363 δὲ
566 310 622 365 τῶν
635 307 761 365 στασίων
780 305 874 382 φόνος,
888 312 919 367 ἐκ

112 389 145 447 δὲ
165 393 216 448 τοῦ
237 390 326 465 φόνου
347 389 442 467 α’πέβη
464 396 491 456 ἐς
510 392 691 471 μουναρχίην·
716 394 763 452 καὶ
783 398 812 453 ἐν
831 392 920 475 τούτῳ

111 476 217 547 διέδεξε
237 476 296 556 όσιρ
312 480 379 537 Ιἐστὶ
398 484 482 538 τοῦτο
503 478 629 555 άριστον.
670 480 760 557 δήμου
773 506 804 539 τε
821 480 855 541 αὗ
872 480 918 558 άρ-

111 588 223 644 χοντος,
240 564 362 626 α’δύνατα
377 566 417 643 μή
434 566 467 626 οῦ
485 566 624 643 κακότητα
637 570 807 649 ἐγγίνεσθαι·
837 569 918 630 κακό-

111 678 198 727 τητος
210 654 302 715 τοίνυν
316 655 494 735 ἐγγινομένης
514 660 542 718 ἐς
553 654 590 714 τά
605 655 692 726 κοινοὶ,
707 658 791 735 ἔχθεα
803 660 855 733 μὲν
869 657 919 717 οῦκ

113 741 254 821 ἐγγίνεται
273 746 351 801 τοῖσι
371 746 483 802 κακοῖσι
504 743 599 818 φιλίαι
619 744 649 802 δὲ
670 746 792 823 ἰσχυραί·
811 748 843 804 ,οἶ
862 744 935 826 γάρΙ

113 833 263 893 κακοῦντες
280 829 316 889 τά
336 830 414 889 κοινά
432 830 625 912 συγκύψαντες
643 836 763 892 ποιεῦσι·
783 836 867 893 τοῦτο
887 834 918 893 δὲ

112 922 227 977 τοιοῦτο
240 918 353 998 γίνεται,
368 924 396 981 ἐς
409 918 425 977 ό
439 916 472 978 ἂν
488 918 616 996 προστάς
628 945 670 982 τις
686 925 737 979 τοῦ
751 918 841 997 δήμου
853 920 918 986 τοῦς
992 987 994 991 ,

112 1004 257 1067 τοιούτους
269 1005 375 1085 παύση·
398 1012 428 1065 ἐκ
448 1007 478 1065 δὲ
496 1005 586 1067 αὐτῶν
602 1007 773 1083 θαυμάζεται
789 1006 869 1072 οὗτος
882 1009 917 1085 δη

112 1090 172 1151 ῦπό
194 1098 245 1152 τοῦ
268 1093 367 1170 δήμου·
402 1094 613 1171 θαυμαζόμενος
636 1096 674 1165 δὲ,
699 1094 740 1154 αἴν’
765 1094 802 1155 ὧν
825 1096 916 1174 ἐφάνη

112 1179 273 1261 μούναρχος
286 1180 346 1241 ἐάν·
367 1182 413 1240 καὶ
430 1187 459 1242 ἐν
474 1181 563 1261 τούτῳ
579 1182 663 1258 δηλοῖ
678 1183 724 1241 καὶ
742 1182 822 1246 οὗτος
840 1184 876 1248 (ῦς
895 1186 916 1261 ἦ

113 1271 271 1349 μουναρχίη
298 1270 456 1346 κράτιστον.
499 1271 540 1329 ἐνὶ
566 1270 596 1329 δὲ
623 1270 682 1329 ἐπεῖ
704 1270 796 1330 πάντα
817 1276 924 1330 συλλα-

113 1354 208 1431 βόντα
226 1361 320 1429 εἰπεῖν,
342 1357 423 1419 κόθεν
438 1357 507 1435 ύμῖν
526 1356 546 1433 ἤ
564 1358 708 1435 ἐλευθερίη
724 1359 849 1438 ἐγένετο;
871 1361 918 1419 καὶ

112 1447 164 1503 τεῦ
184 1442 295 1514 δόντος;
332 1446 430 1522 κότερα
449 1444 527 1522 παρά
548 1444 645 1522 δήμου,
666 1444 685 1521 ἢ
705 1444 878 1527 ὀλιγαρχίης,
899 1446 919 1523 ἢ

113 1532 292 1610 μουνάρχου;
329 1534 382 1612 ἔχω
401 1534 494 1593 τοίνυν
516 1532 637 1614 γνώμην,
657 1532 746 1610 ἦμέας
772 1536 918 1611 ἐλευθερω-

114 1619 215 1681 θέντας
225 1620 270 1679 διὰ
283 1620 331 1679 ἕνα
343 1620 436 1697 ἄνδρα,
447 1619 480 1680 τό
492 1625 603 1679 τοιοῦτο
615 1622 820 1699 περιστέλλειν·
834 1624 920 1701 χωρίς

112 1732 149 1768 τε
162 1706 269 1779 τούτου,
283 1710 417 1786 πατρίους
432 1707 532 1786 νόμους
547 1707 588 1786 μή
602 1707 679 1769 λύειν
697 1709 812 1790 ἔχοντας
825 1709 864 1770 εὖ·
885 1710 918 1772 ού

113 1793 172 1878 γάρ
186 1794 324 1872 ἄμεινον’

159 1887 271 1961 Γνιῦμαι
283 1887 335 1961 μὲν
347 1886 381 1962 δή
397 1889 471 1963 τρεῖς
490 1884 572 1947 αῦται
589 1887 751 1965 προεκέατο·
773 1890 800 1947 οἶ
812 1887 843 1946 δὲ
855 1887 918 1947 τέσ-
928 1891 966 1950 83

115 1995 200 2047 σερες
219 1977 275 2032 τιῦν
295 1972 364 2032 ἑπτά
384 1974 490 2051 ἀνδρῶν
509 1976 682 2051 προσέθεντο
702 1975 798 2054 ταύτῃ.
840 1975 876 2038 ιῦς
889 1977 919 2036 δέ

115 2059 231 2136 ἑσσώθη
257 2063 294 2139 τῇ
315 2060 411 2141 γνώμῃ
434 2060 450 2120 ὁ
473 2059 592 2137 Ὀτάνης
615 2062 749 2140 Πέρσησι
774 2064 920 2139 ἰσονομίην

114 2146 244 2207 σπεύδων
270 2152 397 2222 ποιῆσαι,
426 2149 504 2217 ἐλεξε
531 2154 560 2210 ἐς
585 2149 676 2224 μέσον
706 2147 817 2207 αύτοῖσι
843 2148 918 2208 τάδε·

115 2234 236 2312 θ’ἅνδρες
250 2239 413 2306 στασιῶται,
428 2235 502 2311 δῆλα
514 2235 570 2316 γὰρ
584 2235 619 2311 δη
637 2235 681 2295 ὅτι
697 2236 740 2295 δεῖ
752 2236 799 2295 ἕνα
811 2237 847 2317 γέ
858 2263 919 2296 τινα

114 2323 209 2398 ἡμέων
220 2325 348 2400 βασιλέα
360 2325 502 2406 γενέσθαι,
516 2322 580 2400 ἦτοι
596 2324 690 2403 κλήρῳ
702 2349 737 2405 γε
752 2323 887 2402 λαχόντα,
900 2325 919 2402 ἢ

116 2411 321 2491 ἐπιτρεψάντων
347 2417 387 2492 τῷ
411 2412 547 2491 Περσέων
572 2411 678 2487 πλήθεϊ
696 2411 746 2473 τόν
766 2410 802 2470 όιν
822 2417 921 2472 ἐκεῖνοι

117 2499 243 2570 ἕλωνται,
256 2499 275 2577 ἢ
288 2499 364 2579 άλλη
376 2501 431 2562 τινὶ
443 2503 567 2579 μηχανῇ·
588 2498 642 2580 ἐγεῦ
659 2501 712 2578 μέν
730 2525 778 2561 νυν
790 2500 857 2577 ῦμῖν
869 2500 919 2560 οῦκ

117 2592 324 2668 ἐναγωνιεῦμαι·
345 2587 409 2647 ούτε
417 2589 473 2669 γάρ
487 2587 583 2668 ἄρχειν
593 2586 657 2648 ούτε
670 2586 810 2668 ἄρχεσθαι
823 2589 919 2648 ἐθέλω·

118 2676 166 2732 ἐπὶ
185 2675 273 2756 τούτῳ
293 2675 323 2735 δὲ
342 2675 530 2753 ῦπεξίστοιμαι
549 2679 602 2752 τῆς
620 2675 718 2755 α’ρχῦς,
734 2675 811 2754 ἐπ’ᾧ
829 2703 861 2736 τε
874 2677 920 2736 ὑπ’

118 2761 228 2827 οῦδενδς
243 2763 334 2840 ύμέων
350 2763 477 2841 ἄρξομαι,
492 2762 555 2824 ούτε
573 2763 657 2826 αύτός
674 2763 728 2845 ἐγώ
749 2762 813 2823 ούτε
826 2767 853 2822 οἱ
873 2764 921 2823 ἀπ’

118 2853 186 2926 ἐμεῦ
211 2852 265 2910 αἰεὶ
287 2850 452 2932 γινόμενοι.”
491 2851 591 2911 τούτου
616 2853 744 2914 εἴπαντος
766 2853 863 2920 ταῦτα,
885 2851 921 2914 ὦς

118 2937 291 3018 συνεχώρεον
312 2941 339 2996 οἱ
359 2937 390 3006 ἐξ
410 2938 456 2997 ἐπὶ
475 2938 609 3008 τούτοισι,
637 2935 718 3000 οὗτος
737 2940 789 3014 μὲν
809 2937 844 3013 δή
864 2944 921 3014 σφι

118 3025 170 3084 οῦκ
189 3027 365 3106 ἐνηγωνίζετο
386 3025 451 3083 ἀλλ’
471 3030 501 3084 ἐκ
519 3030 570 3084 τοῦ
587 3026 678 3101 μέσου
699 3027 832 3099 καθῆστο.
875 3026 921 3085 καὶ

118 3116 169 3174 νῦν
189 3114 258 3190 αῦτη
278 3113 297 3190 ή
319 3114 390 3190 οἰκίη
412 3113 546 3172 διατελέει
572 3113 661 3191 μούνη
682 3114 813 3189 ἐλευθέρη
835 3118 922 3173 ἐοῦσα

118 3202 263 3279 Περσέων,
292 3203 338 3261 καὶ
365 3201 481 3280 ἄρχεται
505 3206 631 3261 τοσαῦτα
657 3201 715 3262 ὅσα
740 3200 810 3276 αῦτὴ
836 3201 920 3275 θέλει,

119 3289 223 3367 νόμους
250 3287 300 3348 οῦκ
327 3287 540 3366 ῦπερβαίνουσα
560 3288 626 3352 τοῦς
647 3289 790 3367 Περσέων.
833 3291 870 3349 Οἱ
891 3289 922 3349 δέ
932 3288 971 3350 84
