2150 3500
181 127 214 176 ιο
487 123 672 174 Ἦνοοοοοο
951 126 995 192 [1.

180 204 281 264 δοκέων
290 204 317 263 οἱ
329 201 432 282 χρόνον
441 202 487 263 ε’πὶ
499 201 608 280 μακρόν
617 203 735 264 ἔσεσθαι
745 202 798 280 τήν
805 205 993 282 πολιορκίην,

181 293 285 367 έπεμπε
298 295 329 350 έκ
341 293 392 349 τοῦ
404 291 510 368 τείχεος
527 289 633 353 ἅλλους
648 289 786 371 ἀγγέλους
804 296 832 354 ές
843 291 893 355 τάς
910 319 993 370 συμ-

178 379 292 457 μαχίας.
333 380 361 437 οἶ
378 380 430 453 μὲν
442 377 498 458 γάρ
513 377 647 454 πρότερον
664 378 848 454 διεπέμποντο
866 383 894 441 ές
913 380 992 456 πέμ-

178 491 249 526 πτον
278 468 354 542 μῆνα
383 467 560 542 προερέοντες
588 465 781 546 συλλέγεσθαι
811 470 839 528 ές
870 464 990 542 Σόρδις·

178 553 292 617 τούτους
305 553 335 612 δὲ
348 552 483 629 ἐξέπεμπε
496 552 548 629 τήν
558 553 698 632 ταχίστην
713 553 826 613 δέεσθαι
838 554 988 630 βοηθέειν,

130 643 169 703 82
179 641 215 704 ἀς
228 641 461 718 πολιορκεομένου
478 641 616 718 Κροίσου.
651 639 704 702 Ἐς
716 665 747 700 τε
763 639 798 716 δή
814 639 852 702 ὦν
864 640 918 704 τάς
932 641 988 702 ἀλ-

178 732 232 793 λας
248 730 352 805 ἔπεμπε
368 728 540 807 συμμαχίας,
554 727 600 786 καὶ
616 727 713 804 δήκαὶ
730 733 758 792 ές
774 727 986 805 Λακεδαίμονα.

176 821 253 877 τοῖσι
265 816 296 876 δὲ
309 815 354 875 καὶ
367 815 478 885 αὐτοῖσι
492 815 582 897 [τοῖσι
600 814 805 898 Σπαρτιήτῃσι]
818 815 877 875 κατ’
894 815 988 877 αὐτόν

176 908 275 964 τοῦτον
300 903 350 964 τόν
374 902 477 982 χρόνον
496 903 706 963 συνεπεπτώκεε
726 904 780 980 έρις
802 907 890 962 έοῦσα
908 904 987 981 πρός

176 992 327 1071 Ἀργείους,
340 991 404 1067 περὶ
416 990 508 1070 χοίρου
522 993 692 1068 καλεομένου
704 991 819 1068 Θυρέης.

216 1078 271 1144 Τάς
290 1079 345 1160 γὰρ
366 1078 472 1155 Θυρέας
490 1077 601 1149 ταότας,
622 1077 723 1142 εὀόσας
742 1083 793 1154 τῆς
812 1077 985 1160 Ἀργολίδος

174 1167 281 1244 μοίρης,
298 1166 506 1242 ἀποταμόμενοι
528 1167 616 1245 ἔσχον
636 1168 664 1225 οἱ
678 1165 902 1242 Λακεδαιμόνιοι.
945 1167 983 1244 ἦν

176 1254 205 1314 δὲ
219 1255 264 1314 καὶ
275 1254 296 1331 ἦ
309 1255 393 1334 μέχρι
409 1253 565 1330 Μαλεῶνή
581 1254 652 1330 πρός
669 1254 791 1331 ἑσπέρην
803 1252 947 1335 Ἀργείων,
959 1255 980 1331 ἧ

174 1367 206 1402 τε
219 1346 249 1402 έν
260 1346 295 1422 τῇ
308 1341 411 1421 ἠπείρῳ
427 1341 504 1421 χώρη
522 1341 568 1399 καὶ
584 1339 604 1416 ή
620 1340 756 1417 Κυθηρίη,
769 1338 817 1398 καὶ
832 1343 862 1398 αἰ
877 1343 980 1401 λοιπαὶ

172 1434 228 1490 τῶν
240 1429 342 1507 νήσων.
383 1428 589 1506 βοηθησάντων
604 1427 635 1486 δὲ
651 1426 784 1509 Ἀργείων
798 1431 835 1506 τῇ
850 1429 980 1508 σφετέρῃ

174 1516 396 1596 ἀποταμνομένῃ,
411 1516 530 1576 ἐνθαῦτα
543 1515 708 1590 συνέβησαν
721 1520 749 1578 ἑς
760 1513 864 1596 λόγους
875 1521 978 1577 συνελ-

176 1604 277 1675 θόντες,
305 1603 378 1664 ὥστε
407 1603 584 1681 τριηκοσίους
617 1604 751 1681 ἑκατέρων
782 1605 976 1683 μαχέσασθαι,

175 1692 300 1771 ὁκότεροι
312 1691 336 1753 δ’
349 1689 384 1752 ἂν
393 1692 592 1774 ,περιγένωνται
605 1688 710 1753 τουτων
726 1691 795 1751 εἶναι
808 1691 859 1754 τόν
870 1695 975 1772 χῶρον·
1053 1698 1054 1727 ³

171 1781 205 1843 τό
218 1781 248 1841 δὲ
260 1784 371 1860 πλῆθος
381 1784 433 1841 τοῦ
445 1784 571 1858 στρατοῦ
586 1777 831 1841 ἀπαλλάσσεσθαι
845 1780 976 1858 έκότερον

163 1874 201 1933 ’ές
212 1868 264 1944 τήν
277 1872 386 1937 ἑωυτοῦ,
396 1868 467 1944 μηδὲ
480 1868 650 1945 παραμένειν
662 1867 876 1949 ἀγωνιζομένων,
887 1870 975 1930 τῶνδε
1052 1927 1054 1938 ‚

171 1956 279 2027 εἵνεκεν,
294 1956 338 2016 ἵνα
349 1954 390 2032 μή
402 1954 561 2033 παρεόντων
571 1959 627 2016 τῶν
640 1955 843 2032 στρατοπέδων,
855 1955 974 2033 όρῶντες

170 2047 198 2105 οἶ
224 2046 311 2121 ἑτεροι
333 2044 520 2121 ἑσσουμένους
536 2042 602 2106 τούς
622 2044 777 2121 σφετέρους
799 2042 972 2119 ἐπαμύνοιεν.
1051 2112 1052 2117 ¹

170 2133 335 2210 συνθέμενοι
358 2130 396 2193 ὧν
420 2136 509 2192 ταῦτα
531 2129 766 2191 ἀπαλλάσσοντο·
800 2131 919 2212 λογάδες
939 2132 972 2193 δὲ

170 2222 305 2298 ἑκατέρων
329 2219 549 2295 ἀπολειφθέντες
574 2218 765 2294 συνέβαλλον·
806 2220 971 2297 μαχομένων

150 2308 202 2367 ιδέ
217 2315 313 2384 σφεων
331 2307 377 2366 καὶ
396 2306 548 2387 γινομένων
566 2306 724 2365 ἰσοπαλέων
741 2304 924 2367 ὕπελείποπο
938 2310 972 2379 ἑξ

169 2394 275 2471 ἀνδρῶν
291 2394 441 2463 ἑξακοσίων
456 2397 539 2469 τρεῖς,
558 2390 691 2473 Ἀργείων
707 2395 759 2469 μὲν
778 2391 923 2471 Ἀλκήνωρ
935 2420 970 2461 τε
1049 2469 1050 2472 ¹

169 2483 215 2541 καὶ
241 2480 374 2559 Χρόμιος,
401 2479 626 2555 Λακεδαιμονίων
652 2480 683 2541 δὲ
707 2480 871 2559 Ὀθρυάδης·
904 2481 967 2543 ὕπε-
1049 2531 1050 2564 γ

169 2568 331 2644 λείφθησαν
346 2567 377 2626 δὲ
393 2564 471 2626 οὗτοι
486 2564 585 2629 νυκτάς
600 2566 783 2645 ε’πελθοόσης.
825 2571 852 2627 οἶ
866 2570 966 2647 μὲνδὴ
1049 2573 1050 2584 ’

167 2655 216 2715 δύο
228 2659 283 2715 τῶν
294 2653 428 2735 Ἀργείων
440 2652 477 2716 ἀς
491 2653 662 2729 νενικηκότες
679 2656 757 2716 ἔθεον
772 2660 800 2719 ές
811 2655 965 2738 τάἈργος·

167 2742 184 2803 ό
204 2743 233 2801 δὲ
248 2745 303 2804 τῶν
315 2741 539 2817 Λακεδαιμονίων
553 2740 716 2819 Ὀθρυόδης,
729 2742 890 2807 σκυλεύσας
901 2744 965 2810 τούς

166 2828 299 2912 Ἀργείων
318 2828 430 2908 νεκροιλς
448 2831 495 2889 καὶ
515 2829 724 2907 προσφορήσας
739 2829 777 2890 τά
799 2829 877 2891 ὅπλα
894 2833 964 2909 πρός

165 2918 199 2979 τό
227 2922 327 2979 ἑωυτοῦ
353 2916 552 2995 στρατόπεδον,
573 2922 604 2977 έν
620 2922 658 2995 τῇ
676 2916 754 2987 τόξει
773 2918 833 2998 εἶχε
856 2920 958 2990 ἑωυτόν,

164 3005 255 3086 ἡμέρη
268 3006 298 3065 δὲ
310 3005 423 3083 δευτέρῃ
435 3008 569 3080 παρῆσαν
585 3002 788 3080 πυνθανόμενοι
800 3005 960 3084 ἀμφότεροι.
1046 3053 1047 3074 ,

164 3094 231 3155 τέως
248 3094 301 3168 μὲν
318 3092 353 3168 δή
369 3091 450 3151 αὐτοὶ
466 3089 589 3166 ἑκάτεροι
607 3090 719 3165 ἔφασαν
731 3096 817 3163 νικᾶν,
836 3094 960 3174 λέγοντες

165 3181 193 3237 οἱ
212 3183 265 3254 μὲν
280 3179 315 3241 ὥς
331 3182 436 3238 ἑωυτῶν
455 3179 572 3239 πλεῦνες
586 3177 792 3258 περιγεγόνασι,
809 3182 837 3238 οἱ
853 3179 883 3239 δὲ
898 3181 960 3245 τούς
1046 3187 1047 3210 ³

164 3265 216 3336 μὶν
233 3264 434 3339 ἀποφαίνοντες
450 3260 626 3342 πεφευγότας
639 3262 690 3324 τάν
706 3263 738 3323 δὲ
754 3266 894 3344 σφέτερον
909 3292 958 3328 πα·
