2150 3500
114 121 229 187 ιιι-ιο]
474 125 589 176 πλατο.
889 129 921 178 21

115 202 172 279 μέν
194 227 243 264 νυν
265 205 302 273 τρὶ
324 204 479 283 Ἑλληνικαὶ
503 205 634 282 μαντήῐα,
658 209 687 270 ἐς
712 204 749 267 τά
775 205 923 286 άπέπεμψε

115 291 343 369 μαντευσόμενος
362 297 496 370 Κροῖσος·
517 293 630 375 Λιβύης
646 292 677 353 δέ
691 292 768 370 παρά
784 283 923 372 Ἀμμῖωνα

112 375 271 454 ,ἀπέστειλε
283 379 388 445 άλλους
397 381 599 460 χρησομένους.
630 381 763 458 διέπεμπε
776 382 806 441 δέ
818 381 930 460 πειρειό-

116 489 203 541 μενος
214 470 270 528 τῶν
282 469 422 545 μαντηίων
434 467 450 528 ὅ
462 494 490 528 τι
504 469 656 550 φρονέοιεν,
671 465 715 538 οἷς,
730 472 754 528 εἰ
767 469 922 546 φρονέοντα
996 508 1005 518 -

115 551 173 628 τήν
185 552 323 632 ὠληθηίην
335 554 466 633 εόρεθείη,
480 555 625 633 ἐπείρηταί
634 561 714 632 σφεα
726 555 839 634 δεύτερα
851 557 921 634 πέμ-

115 665 180 700 πων
192 645 217 701 εἰ
229 644 377 722 ἐπιχειρέοι
390 643 436 703 ἐπὶ
451 644 568 720 Πέρσας
581 642 784 721 στρατεύεσθαι
788 669 797 714 ;
817 643 920 705 Ἐντει·
928 647 965 706 47

115 726 241 804 λάμενος
262 730 293 790 δέ
313 735 391 792 τοῖσι
413 731 533 792 Λυδοῖσι
554 730 629 801 τάδε,
649 729 797 808 ἀπέπεμπε
820 736 848 796 ἐς
866 732 919 809 τήν

117 814 264 895 διάπειραν
277 822 333 879 τῶν
344 819 530 898 χρηστηρίων·
552 816 599 878 ἀπ’
612 815 646 895 ἧς
663 816 698 879 άν
706 817 818 901 Ιήμέρης
833 818 920 897 όρμη·

117 903 207 964 θέωσι
223 910 254 966 ἐκ
274 906 405 984 Σαρδίων,
421 904 478 966 άπδ
487 909 489 912 ’
498 905 600 986 ταύτης
615 905 855 988 ἡμερολογέοντας
870 907 920 969 τόν

115 990 221 1054 λοιπόν
232 993 342 1073 χρόνον,
353 997 491 1072 ἑκατοστῇ
500 993 591 1074 ἡμέρη
603 994 729 1073 χρήσθω
741 999 818 1054 τοῖσι
829 1021 919 1074 χρησ-

79 1088 83 1093 ’
114 1078 249 1156 τηρίοισι,
261 1080 494 1160 ἐπειρωτέονπαςὸ
506 1107 534 1142 τι
544 1082 644 1142 ποιέων
652 1082 786 1163 τυγχάνοι
795 1082 811 1143 ὁ
821 1083 918 1145 Λυδῶν

115 1166 258 1242 βασιλεδς
273 1171 398 1246 Κροῖσος
413 1169 429 1230 ό
442 1167 614 1239 Ἀλυάττεω
634 1168 715 1231 άσσα
728 1169 751 1228 δ’
763 1168 799 1246 ἢν
813 1171 919 1234 ἕκαστα

116 1257 173 1315 τῶν
184 1256 360 1335 χρηστηρίων
370 1249 495 1336 θεσπίσῃ
508 1257 759 1338 συγγραψαμένους
771 1257 920 1335 ἀναφέρειν

116 1342 183 1419 παρ’
196 1343 304 1405 ἑωυτόν.
332 1344 349 1405 ὅ
360 1371 389 1405 τι
400 1344 453 1422 μέν
465 1371 514 1405 νυν
525 1343 562 1404 τά
574 1344 662 1404 λοιποὶ
673 1347 729 1404 τῶν
741 1346 920 1423 χρηστηρίων

117 1429 262 1501 ἐθέσπισε,
276 1430 308 1492 οὔ
320 1433 433 1514 λέγεται
446 1431 517 1509 πρός
532 1430 667 1508 οὗδαμιῗιν·
683 1437 718 1492 ’ἐν
729 1432 760 1491 δὲ
773 1436 919 1510 Δελφοῖσι

117 1516 155 1582 αἶς
171 1520 296 1595 ἐσῆλθον
307 1519 429 1600 τάχιστα
445 1525 472 1584 ἐς
485 1519 520 1580 τό
532 1520 656 1601 μέγαρον
666 1523 699 1596 ιοἱ
710 1521 798 1580 Λυδοὶ
812 1520 918 1600 χρησό-

115 1631 197 1682 μενοι
221 1611 260 1687 τῷ
281 1608 335 1688 θεῷ
357 1609 403 1668 καὶ
428 1606 590 1686 ἐπειρώτεον
611 1606 645 1668 τδ
670 1610 876 1685 ἐντεταλμένον,
896 1608 916 1685 ή

117 1696 213 1773 Πυθίη
226 1701 255 1757 ἐν
267 1695 406 1777 ἑξαμέτρῳ
417 1695 487 1777 τόνῳ
499 1695 578 1778 λέγει
590 1693 665 1756 τάδε·
714 1758 718 1765 ,

177 1806 243 1867 Ὀίδα
259 1815 280 1889 δ’
298 1818 347 1879 ἐγὼ
364 1817 464 1880 ψάμμου
480 1817 503 1865 τ’
521 1817 626 1878 ἀριθμὸν,
646 1818 687 1866 καί
702 1818 780 1881 μέτρα
795 1821 929 1881 θαλάσσης,

180 1890 222 1938 καί
238 1891 319 1950 κωφοῦ
335 1890 437 1949 συνίημι,
456 1890 497 1939 καί
513 1884 541 1937 οὗ
557 1891 689 1950 φωνεῦντος
705 1892 789 1941 ἀκούω.

180 1960 242 2019 ὀδμή
256 1960 283 2019 μ’
300 1962 324 2010 ἐς
340 1962 428 2023 φρένας
443 1961 505 2020 ἦλθε
521 1962 681 2023 κραταιρίνοιο
696 1965 804 2023 χελώνης

180 2032 297 2094 ἑψομένης
314 2034 338 2081 ἐν
353 2030 441 2094 χαλκῷ
458 2032 498 2091 ἅμ’
513 2034 626 2095 ἀρνείοισι
643 2034 746 2096 κρέεσσι,

180 2102 198 2165 ᾖ
213 2106 304 2165 χαλκὸς
319 2106 363 2163 μέν
379 2104 539 2166 ὑπέστρωται,
559 2106 652 2166 χαλκὸν
669 2106 690 2153 δ’
707 2106 825 2156 ἐπιέσται

114 2221 209 2283 Ταῦτα
222 2221 248 2279 οἱ
264 2218 350 2279 Λυδοὶ
366 2218 545 2296 θεσπισάσης
561 2223 612 2295 τῆς
628 2205 736 2296 Πυθίης
752 2220 915 2301 συγγροψά-
924 2224 962 2282 48

114 2332 203 2383 μενοι,
219 2306 330 2386 οἴχοντο
349 2306 477 2371 άπιόντες
497 2311 524 2371 ἐς
543 2306 593 2370 τάς
613 2306 722 2383 ἳκίρδις.
764 2307 800 2370 ὦς
819 2308 849 2369 δέ
869 2310 916 2369 καὶ

116 2391 205 2455 ὧλλοι
228 2398 255 2455 οἱ
276 2396 514 2473 περιπεμφθέντες
539 2398 671 2473 παρῆσαν
695 2395 826 2473 φέροντες
850 2397 916 2463 τούς

115 2482 268 2561 χρησμοδς,
287 2483 404 2544 ἐνθαῦτα
422 2482 438 2545 ά
458 2486 584 2561 Κροῖσος
604 2483 709 2544 ἐκαστα
727 2482 915 2546 ἀναπτύσσων

115 2570 207 2649 ἐπώρα
222 2573 278 2631 τῶν
293 2570 527 2653 σιγγραμμάτων·
548 2574 603 2631 τῶν
617 2573 669 2648 μὲν
684 2571 719 2647 δή
732 2570 810 2633 οὐδὲν
825 2599 915 2651 προσ-

116 2658 171 2725 ίετό
189 2684 247 2736 μιν·
274 2658 290 2719 ὁ
313 2658 343 2719 δὲ
367 2658 403 2723 ὥς
424 2658 458 2720 τό
483 2663 513 2719 ἐκ
536 2662 661 2737 Δελφῶν
681 2658 794 2736 ἤκουσε,
817 2660 915 2723 αὐτίκα

115 2745 287 2827 προσεύχετό
296 2772 327 2807 τε
338 2748 383 2806 καὶ
395 2746 592 2825 προσεδέξατο,
602 2747 720 2824 νομίσας
731 2753 836 2825 μοῦνον
846 2748 915 2809 εἶναι

115 2833 247 2912 μαντήϊον
260 2833 293 2895 τό
311 2840 339 2895 ἐν
353 2836 505 2910 Δελφοῖσι,
519 2832 563 2894 ὅτι
579 2838 607 2895 οἱ
624 2834 766 2913 ἐξευρήκεε
780 2836 816 2896 τά
831 2835 916 2899 αάτδς

116 2923 239 3000 ἐποίησε.
274 2923 335 2982 ἐπεί
349 2947 381 2982 τε
399 2921 454 3003 γάρ
473 2922 507 2998 δή
525 2922 661 3001 διέπεμψε
678 2922 755 3000 παρὰ
769 2922 805 2983 τά
822 2948 913 3002 χρησ-

116 3010 195 3089 τήρια
217 3009 281 3074 τούς
307 3008 487 3086 θεοπρόπους,
511 3008 640 3086 φυλάξας
665 3008 718 3083 τήν
743 3010 838 3085 κυρίην
858 3012 914 3069 τῶν

116 3099 236 3177 ἡμερέων
249 3096 447 3176 ἐμηχανήσατο
462 3096 564 3184 τοτάδε,
578 3094 729 3171 ἐπινοήσας
742 3095 779 3154 τοὶ
793 3094 828 3172 ἦν
843 3093 914 3174 ἀμή-

116 3212 199 3265 χανον
220 3184 338 3262 ἐξευρεῖν
359 3210 391 3244 τε
411 3184 457 3243 καὶ
477 3181 700 3259 ἐπιφράσασθαι·
720 3180 847 3259 χελιόνην
867 3184 914 3243 καὶ

118 3272 184 3351 άρνα
197 3271 365 3350 κατακόψας,
378 3270 450 3349 ὁμοῦ
466 3270 530 3347 ἐψεε
544 3266 626 3331 οὗτός
639 3272 668 3328 ἐν
680 3267 785 3343 λέβητι
801 3270 915 3348 χαλκέῳ

987 3430 1003 3458 .
1062 3364 1065 3457 ί
