2150 3500
165 99 216 148 οτι
476 94 662 145 Ἦνοιοτοτ
905 92 969 157 [ιιι

165 177 215 247 ξας
228 178 363 257 γέφυραν,
383 183 414 237 ἐκ
432 176 523 252 πήσδε
542 179 593 251 τῆς
614 173 731 250 ἠπείρου
752 177 781 236 ἐς
800 171 857 248 τήν
876 174 973 249 ἑτέρην

162 262 278 342 ἤπειρον
291 266 337 324 ἐπὶ
350 263 459 328 Σκύθας
471 261 686 340 στρατεύεσθαι·
706 260 755 319 καὶ
766 263 860 320 ταῦτα
873 258 974 340 ὀλίγου

163 352 266 432 χρόνου
280 353 359 412 ἔσται
370 349 548 429 τελεόμενα.”
574 350 653 430 λέγει
660 348 797 409 ΙἈτοσσα
805 347 885 408 τάδε·
899 348 973 426 “ὀρα

163 466 219 511 νυν,
234 445 262 505 ἐς
283 440 392 505 Σκύθας
410 442 463 517 μὲν
482 438 535 514 τήν
553 437 666 515 πράτην
682 437 753 497 ἰέναι
774 436 873 497 ἔασον·
896 434 973 496 οὗτοι

162 528 218 609 γάρ
232 528 315 589 ἐπεάν
328 528 365 589 σύ
382 527 477 607 βούλῃ
496 527 612 587 ἔσονταί
624 551 678 585 τοι·
699 523 737 585 σύ
751 524 783 584 δέ
794 550 849 600 μοι
862 524 911 583 ἐπὶ
922 524 973 601 τήν

163 615 291 676 Ἐλλάδα
306 615 520 693 στρατεύεσθαι·
543 613 682 690 ἐπιθυμέω
693 612 760 695 γάρ,
773 611 856 692 λόγῳ
869 614 972 674 πυνθα-

163 704 273 780 νομένη,
294 704 435 767 Λακαίνας
453 702 487 763 τέ
505 726 556 779 μοι
574 700 708 781 γενέσθαι
728 698 907 775 θεραπαίνας
929 700 973 760 καὶ

161 790 291 872 Ἀργείας
305 791 351 849 καὶ
366 790 496 853 Ἀττικάς
509 790 556 848 καὶ
570 788 730 864 Κορινθίας·
753 788 828 865 έχεις
840 786 874 845 δέ
886 784 974 864 ἀνδρα

162 878 379 955 ἐπιτηδειότατον
395 876 502 955 ἀνδρῶν
520 876 631 937 πάντων
649 875 725 946 δέξαι
741 900 775 935 τε
790 875 905 935 ἕκαστα
923 879 975 950 τῆς

161 965 301 1029 Ἑλλάδος
314 967 360 1025 καὶ
373 964 600 1046 κατηγήσασθαι,
610 967 711 1024 τοῦτον
721 961 752 1026 ὅς
765 987 820 1021 σευ
832 961 887 1022 τόν
899 961 974 1023 πόδα

162 1052 320 1128 ἐξιήσατο.”
348 1052 497 1130 ἀμείβεται
506 1056 635 1127 Δαρεῖος
649 1048 794 1130 “οἰγόναι,
805 1049 869 1109 ἐπεὶ
878 1051 974 1111 τοίνυν

160 1166 206 1202 τοι
218 1141 306 1201 δοκέει
318 1144 368 1217 τῆς
380 1139 520 1202 Ἑλλάδος
531 1139 620 1215 ήμέας
631 1141 729 1216 πρότα
747 1136 973 1215 ἀποπειρᾶσθαι,

164 1229 359 1293 κατασκόπους
378 1254 428 1305 μοι
450 1227 540 1310 δοκέει
563 1226 698 1302 Περσέων
719 1228 834 1302 τρόπον
855 1223 974 1301 ἄμεινον

162 1316 232 1378 εἶναι
244 1318 315 1395 ὁμοῦ
332 1316 420 1397 τούτῳ
432 1319 471 1395 τῷ
483 1314 521 1375 σθ
535 1314 628 1394 λέγεις
644 1314 755 1389 πέμψαι
767 1317 795 1376 ἐς
809 1309 923 1397 αὖτοός·
944 1313 975 1374 οἳ
1050 1391 1051 1398 ¹

160 1406 296 1482 μαθόντες
322 1407 368 1464 καὶ
390 1403 492 1465 ἰδόντες
516 1403 623 1461 έκαστα
644 1399 742 1470 αὐτῶν,
765 1400 973 1481 ἐξαγγελέουσι
1050 1427 1052 1484 η

160 1492 237 1569 ἡμῖν·
265 1495 312 1553 καὶ
332 1494 426 1553 ἔπειτα
446 1490 662 1566 ἐξεπιστάμενος
683 1488 725 1548 ἐπ’
748 1486 851 1552 αότοός
868 1490 973 1567 τρέψω·

116 1583 171 1640 135
179 1580 256 1658 μαι.”
283 1584 378 1641 Ταῦτα
389 1580 458 1641 εἶπε·
472 1580 519 1639 καὶ
527 1578 586 1655 ἅμα
596 1579 662 1641 ἔπος
669 1601 700 1637 τε
713 1577 759 1636 καὶ
770 1575 855 1658 ἔργον
866 1581 972 1640 ἐποίεε·
1050 1575 1052 1629 ἱ

163 1665 225 1727 ἐπεί
235 1694 266 1728 τε
278 1668 333 1751 γάρ
346 1668 470 1748 τάχιστα
482 1666 574 1745 ήμέρη
588 1666 743 1743 ἐπέλαμψε,
752 1664 881 1729 καλέσας
895 1670 972 1742 Περ-
1050 1676 1052 1680 ’

160 1756 232 1816 σέων
248 1755 348 1833 ἄνδρας
369 1756 499 1833 δοκίμους
515 1755 721 1825 πεντεκαίδεκα,
733 1753 898 1814 ἐνετέλλσό
912 1761 973 1831 σφι

160 1845 309 1922 ἑπομένους
329 1844 490 1922 Δημοκήδεϊ
508 1844 660 1914 διεξελθεῖν
679 1842 716 1904 τό
737 1840 971 1920 παραθαλάσσια

127 1993 131 2002 ,
161 1936 213 2009 τῆς
224 1932 373 1996 Ἑλλάδος·
398 1933 468 1997 ὅκως
480 1956 511 1992 τε
524 1931 565 2008 μή
579 1929 760 2008 διαδρήσεταί
771 1937 866 2006 σφεας
879 1930 897 1991 ό
910 1939 969 2009 Δη-
1009 1951 1014 1958 ·

159 2020 291 2100 μοκήδης,
308 2021 387 2082 ἀλλά
404 2047 453 2099 μιν
463 2019 573 2084 πάντως
591 2019 684 2080 ὀπίσω
696 2017 848 2089 ἀπάξουσι.
883 2024 969 2080 ἐντει·

160 2109 282 2187 λάμενος
298 2111 328 2172 δέ
345 2109 472 2171 τοίποισι
487 2113 584 2178 ταῦτα,
602 2106 716 2184 δεύτερα
734 2106 859 2170 καλέσας
879 2105 970 2169 αι’τόν

161 2199 330 2276 Δημοκήδεα
342 2199 432 2259 ἐδέετο
446 2196 541 2266 αὐτοῦ,
555 2195 624 2259 ὅκως
644 2192 854 2276 ἐξηγησάμενος
865 2201 968 2256 πᾶσαν

159 2286 205 2344 καὶ
219 2287 344 2357 ἐπιδέξας
355 2286 408 2362 τήν
420 2283 548 2345 Ἑλλάδα
559 2288 637 2344 τοῖσι
648 2284 781 2362 Πέρσησι
790 2280 885 2342 ὀπίσω
893 2282 967 2357 ἥξει·

159 2373 233 2450 δῶρα
247 2375 278 2434 δέ
289 2400 338 2450 μιν
350 2379 389 2453 τῷ
404 2374 490 2451 πατρὶ
510 2373 558 2432 καὶ
574 2375 652 2432 τοῖσι
669 2371 837 2446 ἀδελφεοῖσι
853 2372 969 2432 ἐκέλευε

160 2460 252 2520 πάντα
264 2461 300 2520 τά
315 2461 419 2520 ἐκείνου
428 2462 533 2520 ἔπιπλα
543 2460 674 2537 λαβόντα
683 2458 769 2541 άγειν,
780 2458 838 2534 φάς
847 2456 927 2518 ἅλλα
938 2464 968 2521 οἶ

157 2547 346 2626 παραπλήσια
359 2547 528 2608 ἀντιδώσειν·
545 2548 616 2626 πρός
629 2549 667 2621 δέ,
676 2553 704 2613 ἐς
716 2547 752 2608 τά
765 2548 841 2623 δῶρα
854 2546 968 2608 ὀλκάδα
1049 2598 1050 2601 ι

158 2640 186 2696 οἶ
198 2638 253 2714 ἔφη
267 2636 489 2714 συμβαλέεσθαι
498 2637 614 2712 πλήσας
627 2635 742 2718 ἀγαθῶν
754 2636 903 2706 παντοίων,
912 2637 967 2712 τήν

159 2724 218 2802 ἅμα
238 2729 265 2786 οἱ
283 2724 470 2786 πλεύσεσθαι.
505 2729 625 2802 Δαρεῖος
639 2727 692 2802 μὲν
705 2723 749 2799 δή,
763 2722 868 2784 δοκέειν
890 2726 966 2801 ἐμοὶ,

157 2811 206 2870 ἀπ’
229 2812 340 2876 οὐδενός
361 2813 478 2888 δολεροῦ
501 2811 568 2871 νόου
595 2810 788 2892 ἐπαγγέλλετό
811 2814 839 2869 οἱ
861 2818 964 2872 ταῦτα·

157 2900 325 2974 Δημοκήδης
342 2899 371 2958 δέ
389 2900 484 2960 δείσας
496 2897 537 2973 μή
552 2897 582 2956 εὖ
595 2902 744 2977 ἐκπειρῷτο
758 2901 886 2975 Δαρεῖος,
902 2899 965 2960 οὔτε

155 2985 314 3060 ἐπιδραμών
328 2982 420 3044 πάντα
439 2984 476 3043 τά
491 2983 621 3059 διδόμενα
635 2985 751 3055 ἐδέκετο,
765 2983 844 3042 ἀλλὰ
856 2985 894 3043 τά
908 2989 963 3061 μὲν

156 3070 256 3129 ἑωυτοῦ
269 3071 340 3128 κατά
352 3071 446 3148 χώρην
454 3071 509 3144 ἔφη
522 3071 702 3147 καταλείψειν
716 3071 761 3130 ἵνα
775 3069 867 3130 ὀπίσω
879 3073 964 3147 σφέα

152 3149 283 3215 ἀπελθόν
302 3155 371 3232 ἔχοι·
397 3156 450 3230 τήν
470 3155 566 3230 μέντοι
590 3154 698 3215 ὁλκάδα
718 3156 771 3232 τήν
782 3160 819 3216 ὀἱ
839 3163 964 3236 Δαρεῖος

151 3237 344 3315 ἐπαγγέλλετο
367 3245 395 3302 ἐς
419 3240 471 3314 τήν
490 3238 595 3316 δωρεήν
614 3245 693 3301 τοῖσι
714 3242 893 3321 ἀδελφεοῖσι,
916 3246 963 3308 δέ·
