2150 3500
444 92 607 144 LECTORI.
913 81 946 136 vii

86 234 201 291 deinde
219 229 299 286 Oasis
316 225 475 289 Ammonis;
492 222 568 278 unde
582 236 670 291 usque
688 219 724 277 ad
738 218 798 274 loca
814 216 949 294 Piitonidi

85 327 157 380 lacu
173 323 263 378 vicina
275 322 333 376 sine
345 335 442 387 magno
456 317 552 371 labore
569 313 706 386 perveniri
725 311 833 382 potuit;
850 311 948 366 saltem

85 415 226 472 immania
237 414 292 468 ista
304 412 428 466 Arabum
440 411 648 477 examina'quae
659 406 724 460 inde
736 407 879 475 aseptimo
886 409 950 476 post

89 510 239 565 Christum
250 506 341 561 seculo
350 504 472 558 Africam
482 501 724 573 septentrionalem
733 504 889 567 tenuerunt,
898 500 950 554 hac

90 606 178 674 perte
194 601 326 670 irrupisse
341 587 456 652 constat.
492 598 533 651 At
550 582 622 650 enim
637 597 734 664 postca
750 611 833 664 quam
850 611 895 648 res
910 595 950 648 in-

90 694 206 750 ferioris
214 691 336 761 Aegypti
344 705 467 744 crescere
476 691 633 757 coeperunt,
641 687 833 743 obsoleverunt
840 691 952 742 terrena

93 783 277 850 commercia;
292 785 371 837 tanto
383 785 444 838 erat
455 781 623 836 commodius
633 783 736 852 cymbis
748 801 830 853 quam
842 783 952 837 camelis

94 880 148 935 uti.
188 876 350 932 Memoriam
361 878 455 930 tamen
466 875 624 929 nonnullam
635 879 725 930 status
735 876 836 946 prioris
846 876 952 944 magnis

94 971 364 1040 rerumpublicarum
394 970 594 1025 mutationibus
628 971 802 1040 superfuisse,
833 972 953 1026 testatur

97 1065 212 1136 mytbus
232 1064 286 1118 iste
310 1062 424 1131 insignis
447 1063 483 1118 de
509 1065 734 1132 Argonautarum
757 1079 820 1118 cum
841 1062 954 1116 Tritone

98 1158 156 1212 deo,
165 1152 303 1210 conventu'
314 1170 396 1223 quem
409 1154 547 1208 Pindarus
559 1158 761 1210 commemorat.

156 1249 232 1314 Quae
248 1262 299 1316 per
318 1245 415 1300 Asiam
431 1245 594 1299 commercia
605 1246 716 1315 fiebant,
728 1247 772 1301 vel
789 1246 826 1301 ad
843 1243 954 1315 Sardes,

99 1343 145 1399 vel
158 1341 195 1396 ad
204 1340 323 1409 Sinopen
336 1338 499 1394 confluxisse
510 1339 647 1394 videntur.
673 1340 723 1394 Ab
734 1340 785 1394 hac
797 1340 834 1394 ad
844 1339 954 1393 Phasim

100 1451 191 1506 usque
209 1450 294 1490 verno
311 1436 436 1503 tempore
453 1432 522 1488 velis
539 1431 735 1500 navigabatnr3
755 1432 821 1487 inde
841 1449 896 1486 non
915 1433 955 1487 ita

101 1548 202 1600 magno
225 1529 328 1584 montis
346 1528 416 1598 jugo
439 1527 571 1596 plaustris
594 1531 731 1596 superato,
751 1527 829 1582 novis
851 1528 955 1596 cymbis

102 1623 249 1694 impositae
265 1639 370 1677 merces
386 1621 497 1676 flumine
514 1621 584 1689 Cyro
599 1621 628 1674 in
642 1636 719 1674 mare
736 1620 865 1689 Caspium
881 1619 956 1675 dele-

103 1717 246 1773 rebantur.
277 1716 338 1772 Hae
350 1716 456 1771 ratione
467 1715 511 1771 vel
523 1715 553 1770 in
568 1715 714 1785 Bactriam,
726 1716 769 1771 vel
784 1716 813 1770 in
825 1716 955 1784 Mediam,

87 1805 188 1881 'prout
211 1811 282 1865 ratio
305 1810 472 1880 postulabat,
496 1811 637 1865 commode
659 1814 773 1866 ventum
797 1815 847 1866 est.
883 1811 956 1867 Cave
1059 1879 1060 1884 ἵ

105 1906 198 1957 autem
215 1904 296 1969 putes
312 1900 432 1955 Graecos
448 1901 573 1956 homines
589 1902 751 1956 alterutram
768 1901 866 1955 harum
885 1902 956 1970 regi-

106 2012 188 2049 onum
205 1995 278 2063 ipsos
292 1992 369 2049 adire
383 1994 512 2063 potuisse.
549 1994 688 2049 Credibile
702 1997 746 2049 est
763 1995 794 2048 id
808 1994 958 2049 solenniter
1058 2047 1061 2064 ἶ

106 2088 209 2143 factum
227 2103 287 2141 esse
307 2086 381 2155 quod
398 2086 482 2141 hodie
502 2087 577 2158 apud
593 2086 725 2141 barbaras
742 2090 839 2155 gentes
855 2088 957 2156 passim
1058 2075 1061 2110 ²

108 2180 232 2235 obtinere
244 2178 376 2247 videmus,
386 2196 485 2249 nempe
496 2180 606 2248 regulos
618 2196 703 2249 penes
712 2195 781 2248 quos
793 2179 830 2233 sit
842 2179 958 2234 facultas

108 2273 346 2345 peregrinantibus
375 2273 535 2343 obsistendi,
559 2273 633 2342 ipsos
661 2275 845 2327 mercatorum
871 2273 958 2345 vicem

109 2366 184 2421 obire
207 2366 297 2434 malle,
319 2366 423 2421 scilicet
442 2368 475 2420 ut
499 2365 653 2434 monopolio
677 2365 834 2431 constitutoj
856 2365 959 2419 certius

110 2462 139 2513 et
154 2458 236 2513 citius
249 2460 300 2526 (uti
314 2459 494 2526 arbitrantur)
509 2459 654 2514 ditescant.
686 2459 779 2528 Aegre
794 2457 959 2513 crediderim

109 2552 216 2620 longius
228 2569 311 2622 quarn
323 2552 441 2621 Phasim,
453 2553 496 2608 vel
512 2553 549 2621 ad
563 2569 699 2607 summum
712 2569 794 2622 quarn
809 2553 960 2621 Sarapano-

46 2673 52 2684 ·
111 2663 171 2700 rum
180 2644 331 2701 Castellum
341 2645 960 2715 (hodieSetaropcmlhacregioneNostrnm

98 2739 284 2809 ‚processisse

163 2832 190 2883 A
207 2829 340 2885 Sardibus
358 2830 395 2886 ad
415 2830 498 2886 Suasa
516 2846 604 2901 usque
622 2830 729 2886 munita
748 2835 810 2888 erat
829 2832 874 2887 via
891 2848 962 2901 quac

112 2921 275 2978 militaribus
298 2923 393 2978 usibus
416 2910 548 2979 inservire
571 2928 672 2994 posset,
690 2925 810 2980 castellis
827 2924 880 2979 hnc
897 2908 962 2979 illue

113 3015 214 3083 positis.
249 3015 292 3069 Ex
315 3016 359 3070 his
382 3016 489 3086 insigne
509 3018 664 3087 exemplum
684 3020 820 3088 praebent
840 3018 961 3086 Critalla

113 3124 166 3178 quo
182 3110 341 3165 convenisse
364 3110 461 3166 scribit
479 3110 582 3165 Noster
599 3109 700 3164 Xerxis
717 3112 817 3180 copias,
833 3128 895 3165 curn
913 3127 963 3164 rex

113 3199 167 3253 iste
180 3198 313 3257 Graeciae
328 3201 432 3259 bellurn
447 3200 618 3257 intendebat.
656 3201 716 3255 Sita
730 3202 817 3257 anae
833 3203 964 3258 videntur
