2150 3500
114 101 177 168 ιιι]
435 104 600 155 amma.
868 107 917 159 ιιι

111 180 311 262 χρησαμένους
332 179 399 245 τοῦς
421 179 566 257 φυλάκους
589 180 844 259 ύπερμεθυσθῆναι,
871 182 919 245 καὶ

112 267 302 346 κρατηθέντας
320 267 376 328 ύπδ
397 272 448 328 τοῦ
468 266 557 329 ὕπνου
578 266 663 328 αότοῦ
686 268 806 346 ε’νθάπερ
825 269 919 331 ἔπινον

115 355 363 432 κατακοιμηθῆναι·
379 354 429 416 τῶν
442 355 480 425 δέ,
494 355 530 420 ῶς
542 355 641 433 πρόσω
653 355 689 431 ήν
700 359 752 431 τῆς
764 356 869 426 νυκτός,
883 356 918 418 τό

112 468 147 503 τε
162 447 248 520 σῶμα
259 447 311 503 τοῦ
327 441 468 520 ἀδελφεοῦ
482 447 642 504 καταλῦσαι
656 443 702 502 καὶ
716 447 771 503 τῶν
785 442 918 518 φυλάκων

114 530 162 590 ἐπὶ
173 530 252 609 λύμῃ
264 529 375 592 πάντων
387 531 509 608 ξυρῆσαι
522 530 575 595 τάς
590 529 681 600 δεξιῶς
692 531 838 608 παρηίδας·
859 536 917 592 ε’πι-
996 575 998 581 ,

55 685 60 694 ¹
113 616 201 678 θέντα
219 618 250 677 δὲ
269 616 319 680 τάν
339 617 419 679 νέκυν
438 619 485 678 ἐπὶ
503 617 569 683 τοῦς
589 617 669 683 όνους
689 617 854 680 ἀπελαύνειν
874 617 917 679 ἐπ’

113 706 201 775 οἴκου,
213 706 415 768 ἐπιτελέσαντα
426 710 464 785 τῇ
476 706 563 785 μητρὶ
575 705 612 768 τά
624 705 850 785 προσταχθέντα·
866 705 918 767 τῶν

112 792 145 853 δὲ
159 793 297 871 βασιλέα,
311 794 347 859 ῶς
362 793 437 874 αύτῷ
449 793 618 877 ἀπηγγέλθη
630 798 682 856 τοῦ
697 793 791 872 φωρδς
806 794 823 855 ἀ
839 793 918 860 νέκυς

112 882 342 959 ἐκκεκλεμμένος,
355 881 432 944 δεινῶ
443 881 557 943 ποιέειν·
576 881 685 947 πάντως
697 882 727 943 δὲ
738 880 918 959 βουλόμενον

113 969 261 1047 εύρεθῆναι
273 969 353 1034 ὅστις
369 973 433 1032 κοτέ
447 971 489 1047 ε’ίη
502 969 519 1032 ό
531 973 620 1032 ταῦτα
634 969 841 1050 μηχανώμενος,
854 995 915 1029 ποι-

111 1058 189 1131 ἢσαί
197 1083 247 1135 μιν
258 1057 333 1129 τάδε,
346 1059 410 1137 ε’μοὶ
421 1060 473 1136 μέν
486 1057 519 1120 ού
532 1058 630 1120 πιστά·
646 1057 699 1134 τήν
709 1057 762 1140 [δὲ]
771 1056 916 1138 θυγατέρα

110 1141 167 1218 τήν
180 1148 281 1206 ἑωυτοῦ
295 1146 408 1207 κατίσαι
420 1145 463 1206 ἐπ’
474 1146 633 1224 οἰκήματος,
643 1143 835 1221 ἐντειλάμενον
844 1143 914 1206 πάν·

111 1255 165 1295 τας
181 1257 214 1308 τε
232 1233 334 1310 ὁμοίως
352 1233 562 1315 προσδέκεσθαι
579 1234 625 1292 καὶ
641 1232 708 1313 πρὶν
726 1231 915 1314 συγγενέσθαι

111 1316 279 1401 ἀναγκάζειν
294 1321 389 1404 λέγειν
403 1320 503 1400 αύτῇὸ
521 1346 549 1382 τι
566 1320 600 1397 δή
615 1324 645 1382 έν
660 1324 700 1399 τῶ
710 1320 767 1399 βίῳ
781 1322 915 1400 ἔργασται

112 1405 189 1488 αὐτῷ
201 1408 370 1486 σοφάτατον
384 1411 430 1470 καὶ
446 1408 655 1478 ἀνοσιώτατον;
676 1407 707 1472 ὂς
722 1407 746 1467 δ’
759 1405 793 1468 ἂν
806 1405 914 1487 ἀπηγή-

112 1519 201 1572 σηται
219 1496 257 1558 τά
277 1498 341 1576 περὶ
361 1496 412 1560 τῶν
431 1500 514 1573 φῶρα
530 1494 709 1578 γεγενημένα,
726 1497 827 1555 τοῦτον
843 1497 914 1553 συλ-Δ

109 1585 274 1662 λαμβάνειν
296 1587 343 1646 καὶ
364 1585 405 1663 μή
426 1583 538 1645 ἀπιέναι
560 1584 620 1654 ἔξω·
648 1582 684 1648 ῶς
704 1583 735 1642 δδ
753 1581 807 1659 τήν
825 1580 913 1640 παῖδα

111 1671 219 1734 ποιέειν
235 1674 272 1735 τά
290 1679 321 1735 ἔκ
339 1679 390 1736 τοῦ
407 1673 512 1751 πατράς
528 1671 753 1755 προσταχθέντα,
766 1670 816 1732 τόν
829 1672 911 1746 φῶρα

111 1762 271 1841 πυθόμενον
282 1767 339 1824 τῶν
351 1763 442 1824 εἵνεκα
452 1766 541 1823 ταῦτα
554 1760 722 1840 ἐπρήσσετο,
731 1757 911 1837 βουληθέντα

111 1852 290 1931 πολυτροπίῃ
299 1855 350 1913 τοῦ
360 1849 500 1927 βασιλέος
509 1848 714 1932 περιγενέσθαι,
721 1846 825 1909 ποιέειν
834 1844 911 1907 τάδε·

112 1944 211 2019 νεκροῦ
220 1939 389 2019 προσφάτου
401 1936 584 2014 ἀποταμόντα
597 1941 626 1997 έν
635 1939 673 2015 τῶ
683 1935 747 2015 ῶμιρ
756 1934 808 2009 τήν
819 1936 910 2012 χεῖρα,

112 2027 184 2088 ίέναι
196 2027 281 2089 αύτδν
294 2030 394 2108 ἔχοντα
406 2025 493 2102 αῦτήν
505 2024 561 2084 ύπά
573 2027 612 2102 τῷ
625 2022 733 2101 ἶματίιγ·
755 2019 910 2082 ἐσελθόντα

112 2114 145 2174 δὲ
161 2114 199 2180 ῶς
216 2119 267 2176 τοῦ
283 2113 424 2192 βασιλέος
441 2112 493 2189 τήν
509 2110 649 2193 θυγατέρα
665 2109 711 2169 καὶ
728 2106 912 2185 εἰρωτώμενον

112 2202 202 2282 τάπερ
222 2204 269 2263 καὶ
285 2206 313 2265 οἶ
331 2202 426 2273 ἀλλοι,
441 2199 647 2282 ἀπηγήσασθαι
666 2196 702 2261 ῶς
721 2194 912 2256 ἀνοσιώτατον

112 2293 165 2371 μὲν
175 2293 217 2369 εἴη
227 2290 406 2374 ἐργασμένος,
416 2287 463 2351 ὅτε
475 2291 526 2350 τοῦ
539 2286 679 2363 ἀδελφεοῦ
693 2289 722 2345 ἐν
731 2286 770 2363 τῷ
781 2283 911 2361 θησαυρῷ

112 2382 164 2441 τοῦ
190 2379 330 2457 βασιλέος
353 2377 409 2439 ύπῶ
435 2376 528 2459 πάγης
553 2372 672 2438 ἀλόντος
695 2370 836 2449 ἀποτάμοι
858 2369 911 2445 τήν

114 2467 252 2545 κεφαλήν·
270 2466 438 2545 σοφώτατον
451 2466 490 2536 δὲ,
503 2462 548 2525 ὅτι
559 2460 624 2525 τοῦς
637 2458 780 2539 φυλάκους
793 2481 911 2535 καταμε·

113 2556 204 2621 θύσας
230 2555 396 2619 καταλύσειε
421 2556 472 2615 τοῦ
498 2551 639 2628 ἀδελφεοῦ
665 2546 836 2628 κρεμάμενον
861 2544 911 2606 τάν

112 2645 203 2707 νέκυν·
223 2644 276 2722 τήν
295 2644 332 2715 δὲ,
351 2642 388 2707 ῶς
403 2641 516 2719 ήκδυσε,
534 2636 675 2699 ἅπτεσθαι
696 2634 790 2696 αὐτοῦ·
810 2633 861 2696 τόν
880 2632 911 2692 δέ

113 2739 197 2812 φῶρα
215 2738 245 2794 έν
261 2736 300 2811 τῶ
315 2729 413 2792 σκότεϊ
428 2731 571 2808 προτεῖναι
591 2724 662 2805 αὐτῇ
677 2726 728 2785 τοῦ
744 2725 842 2800 νεκροῦ
859 2719 912 2795 τήν

112 2826 203 2902 χεῖρα,
216 2821 268 2897 τήν
280 2819 310 2881 δὲ
326 2816 535 2895 ἐπιλαβομένην
549 2815 630 2893 ἔχειν,
644 2810 813 2888 νομίζουσαν
826 2806 912 2866 αύτοῦ
975 2817 977 2823 “

113 2908 219 2970 ἐκείνου
225 2912 277 2985 τῆς
285 2905 380 2987 χειρδς
387 2904 563 2985 ἀντέχεσθαι,
571 2900 622 2963 τῶν
628 2898 659 2959 δὲ
667 2900 750 2976 φῶρα
759 2892 912 2973 προέμενον

113 2996 186 3077 αὐτῇ
195 2997 326 3076 οἴχεσθαι
335 2993 381 3054 διά
394 2993 497 3071 θυρέων
507 2988 658 3071 φεύγοντα·
674 2984 710 3049 ῶς
723 2982 753 3042 δὲ
767 2981 813 3041 καὶ
825 2985 913 3041 ταῦτα

114 3088 143 3147 ἔς
156 3084 207 3144 τῶν
218 3081 348 3161 βασιλέα
363 3080 528 3159 ἀνενεῖχθαι,
544 3072 736 3153 ἐκπεπλῆχθαι
749 3072 801 3148 μὲν
814 3069 860 3128 ε’πὶ
874 3072 911 3147 τῇ

114 3170 320 3250 πολυφροσύνῃ
340 3194 373 3231 τε
394 3167 440 3228 καὶ
460 3165 555 3242 τόλμῃ
575 3161 747 3238 τάνθρύπου·
770 3156 852 3219 τέλος
872 3155 910 3227 δὲ,

114 3256 309 3337 διαπέμποντα
329 3262 357 3321 ἐς
378 3252 476 3318 πάσας
496 3249 549 3314 τάς
571 3247 656 3311 πόλις
675 3242 912 3327 ἐπαγγέλλεσθαι,
