2150 3500
93 124 240 188 ιιι-ιιι]
416 128 579 177 mmmmm.
850 128 900 177 ιιι

93 201 245 279 ἠσκημένη
258 202 394 264 στύλοισί
404 229 435 263 τε
454 204 582 279 φοίνικας
596 203 632 264 τά
652 204 764 283 δένδρεα
781 230 902 283 μεμιμη-

94 292 210 363 μένοισι
223 290 317 368 καὶτῇ
330 290 406 369 άλλη
420 291 539 369 δαπάνῃ.
574 293 630 351 ἐσω
643 293 673 352 δὲ
686 298 716 353 ἐν
727 298 764 372 τῇ
777 293 901 354 παστάδι

94 376 161 447 διξὰ
171 378 320 456 θυρώματα
334 381 444 455 ἐστηκε·
465 383 494 438 ἐν
508 380 537 439 δέ
550 383 628 439 τοῖσι
639 380 784 459 θυρώμασι
796 381 815 456 ἦ
830 381 902 458 θήκη

95 470 172 531 ἐστί.
198 471 266 530 Εἰσὶ
278 469 308 527 δέ
324 470 370 528 καὶ
383 472 412 528 αἱ
425 471 515 545 ταφαὶ
527 474 579 529 τοῦ
593 467 644 529 οῦκ
657 467 737 529 ὅσων
750 472 950 545 ποιεῦμαι-170

95 559 145 618 ἐπὶ
160 557 276 637 τοιούτῳ
292 556 437 637 πρήγματι
454 556 769 639 ἐξαγορεύειντοῦνομα
789 562 819 616 ἐν
840 555 902 628 Σᾶἳ,

95 652 128 705 ἐν
144 649 184 725 τῷ
202 649 251 725 ἰρῷ
270 650 320 722 τῆς
336 644 492 722 Ἀθηναίης,
510 645 613 707 ὄπισθε
630 650 682 706 τοῦ
702 650 778 722 νηοῦ,
798 644 903 710 παντός

95 738 148 793 τοῦ
161 737 211 809 τῆς
223 732 372 809 Ἀθηναίης
386 732 515 811 ἐχόμεναι
528 735 635 812 τοίχου·
650 734 696 792 καὶ
706 739 735 794 ἐν
744 737 783 813 τῷ
795 734 902 810 τεμένεϊ

95 820 201 897 ὀβελοὶ
235 825 337 881 ἐστᾶσι
362 820 484 901 μεγάλοι
515 821 628 881 λίθινοι·
669 822 756 898 λίμνη
781 822 815 881 τέ
840 826 903 880 ἐστι

96 910 227 987 ἐχομένη,
242 910 335 987 λιθίνη
347 908 459 986 κρηπῖδι
473 909 668 1021 κεκοσμημένη
683 909 729 967 καὶ
743 908 902 990 ἐργασμένη

96 1022 129 1055 ευ
114 996 243 1077 ’κύκλιμ
258 1022 304 1057 και
293 996 484 1076 μέγαθος,
462 1023 498 1061 ως
512 1002 574 1075 ἐμοι
563 996 720 1067 ἐδόκεε,
704 1020 760 1073 οση
773 1022 826 1073 περ
839 996 858 1072 ή
872 1001 901 1056 ἐν

96 1084 187 1165 Δήλῳ
204 1111 223 1161 η
215 1084 403 1165 “τροχοειδης
423 1085 588 1161 καλεομένη.
629 1083 681 1145 Ἐν
697 1084 727 1143 δέ
747 1110 782 1163 τη
769 1085 880 1163 λίμνῃ
891 1084 946 1145 171

95 1172 186 1253 ταύτῃ
199 1200 234 1233 τα
224 1173 413 1249 δείκηλα
374 1198 430 1233 των
442 1170 604 1233 παθέων’
569 1176 654 1232 αυτοῦ
668 1171 766 1236 νυκτός
778 1176 899 1242 ποιεῦσι,

95 1260 135 1320 τά
162 1261 296 1321 καλέουσι
321 1259 464 1337 μυστήρια
490 1258 649 1341 Αἰγύπτιοι.
690 1260 755 1336 περὶ
778 1260 831 1335 μέν
853 1284 902 1320 νυν

96 1348 203 1409 τούτων
222 1348 305 1409 εἰδότι
318 1375 368 1425 μοι
386 1348 433 1408 ἐπὶ
447 1349 536 1407 πλέον
556 1346 592 1410 (ῦς
606 1348 712 1407 ἐκαστα
728 1345 818 1405 αῦτῦν
834 1347 901 1425 ἔχει,

97 1434 226 1514 εὔστομα
246 1438 358 1497 κείσθω·
389 1436 435 1495 καὶ
453 1440 504 1511 τῆς
524 1434 676 1512 Δήμητρος
694 1437 809 1509 τελετῆς
828 1434 901 1511 πέρι,

96 1524 152 1601 τήν
171 1528 198 1584 οἰ
212 1525 352 1600 Ἕλληνες
373 1522 552 1601 θεσμοφόρια
573 1522 780 1592 καλέουσι,καί
798 1521 902 1597 ταύτης

99 1612 184 1673 εἰδότι
203 1638 253 1689 μοι
270 1613 334 1689 πέρι
351 1609 476 1688 εὔστομα
496 1611 608 1671 κείσθω·
629 1609 706 1687 πλην
726 1609 797 1670 ὅσον
816 1608 902 1685 αύτῆς

98 1700 167 1779 ὁσίη
182 1702 243 1762 ἐστὶ
258 1701 360 1783 λέγειν,
378 1702 407 1760 αἱ
421 1704 534 1762 Δαναοῦ
551 1699 700 1783 θυγατέρες
715 1698 791 1776 ἦσαν
806 1699 902 1775 αἰπήν

97 1783 216 1866 τελετήν
228 1788 332 1864 ταύτην
349 1787 381 1858 ἐξ
393 1787 536 1869 Αἰγίπαν
553 1789 752 1869 ἐξαγαγοῦσαι,
767 1788 814 1846 καὶ
826 1785 899 1846 διδά-

98 1878 187 1948 ξασαι
199 1878 248 1942 τάς
262 1876 495 1957 Πελασγιώτιδας
507 1880 648 1957 γυναῖκας·
669 1875 740 1953 μεταὶ
754 1876 792 1947 δέ,
807 1875 901 1945 ἐξανα-

98 1967 211 2074 στάσης
223 1965 317 2041 πάσης
337 1963 560 2040 Πελοποννήσου
578 1963 633 2023 ῦπῦ
648 1964 782 2040 Δωριέων,
797 1961 901 2031 ἐξαπά·

98 2055 199 2114 λετο
180 2079 199 2130 η
211 2053 321 2128 τελετή·
342 2054 368 2111 οἰ
385 2050 647 2126 δέῦπολειφθέντες
663 2051 901 2126 Πελοποννησίων

99 2143 147 2201 καὶ
174 2141 224 2201 οῦκ
258 2139 458 2240 ἐξαναστάντες
484 2136 617 2215 Ἀρκάδες
650 2137 782 2210 διέσωζον
815 2135 901 2250 αῦτήν

97 2233 208 2306 μοῦνοι.

140 2316 260 2396 Ἀπρίεω
286 2316 316 2376 δέ
342 2313 394 2376 ὧδε
428 2313 672 2391 καταραιρημένου,
707 2313 948 2391 ἐβασίλευσε172

94 2404 229 2482 Ἀμασις,
239 2407 326 2481 νομοῦ
339 2405 391 2480 μὲν
404 2402 510 2467 Σαΐτεω
524 2401 584 2461 ἐάν·
599 2406 629 2461 ἐκ
638 2406 689 2479 τῆς
702 2402 732 2462 δὲ
744 2401 779 2478 ἧν
791 2399 899 2473 πόλιος,

99 2491 207 2569 οῦνομά
221 2495 248 2553 οἰ
260 2492 322 2552 ἐστὶ
335 2489 436 2567 Σιούφ.
475 2489 512 2550 τεί
524 2492 577 2568 μέν
590 2489 624 2566 δή
637 2495 734 2568 πρῦτα
752 2489 901 2550 κατόνοντο

98 2580 149 2641 τόν
157 2579 284 2657 Ἀμασιν
293 2578 451 2660 Αἰγύπτιοι,
462 2579 508 2638 καὶ
521 2584 552 2639 ἐν
564 2578 678 2658 οὐδεμιῇ
690 2580 775 2691 μοίρη
789 2577 900 2689 μεγάλη

98 2667 178 2749 ἦγον,
193 2667 242 2727 οἰτε
260 2667 294 2744 δη
313 2665 485 2775 δημότην
451 2692 484 2727 το
501 2667 568 2745 πρὶν
582 2667 663 2727 ἐόντα
683 2668 729 2726 καὶ
748 2667 835 2742 οἰκίης
851 2664 901 2725 οῦκ

99 2757 260 2832 ἐπιφανέος.
289 2779 361 2832 μετα
351 2753 419 2824 δὲ,
441 2756 532 2835 σοφίη
554 2753 653 2817 αύτοῦς
673 2753 689 2814 ὁ
705 2753 831 2829 Ἀμασις
849 2750 899 2810 οῦκ

98 2843 285 2926 άγνωμοσύνῃ
307 2842 512 2953 προσηγάγετο.
548 2842 584 2918 ἦν
604 2845 632 2901 οἱ
652 2840 730 2900 άλλα
755 2863 787 2898 τε
801 2833 902 2947 άγαθα

98 2932 193 3008 μυρία,
207 2936 236 2992 ἐν
249 2932 279 2991 δὲ
293 2955 338 2990 και
328 2931 528 3008 ποδανιπτὴρ
547 2928 668 3009 χρύσεος
681 2933 710 2987 ἐν
722 2931 761 3007 τῷ
775 2924 857 2989 αῦτός
869 2951 900 2986 τε

98 3018 258 3096 ὁΑμασις
274 3019 321 3078 καὶ
341 3043 368 3079 οι
357 3017 590 3094 ’δαιτυμόνες
564 3041 592 3075 οι
608 3015 709 3079 πάντες
726 3012 793 3077 τοῦς
812 3011 901 3077 πέδας

98 3047 235 3167 ἐκάστστε
248 3107 447 3178 ἐναπενιζέατο·
467 3109 567 3166 τοῦτον
580 3101 639 3162 κατ’
652 3101 689 3163 ὧν
703 3101 801 3179 κόψας,
814 3091 900 3181 ἄγαλ-

98 3221 142 3272 μα
169 3195 299 3271 δαίμονος
323 3194 354 3262 ἐξ
376 3192 460 3252 αὐτοῦ
485 3190 639 3267 ἐποιήσατο
663 3191 709 3249 καὶ
733 3191 829 3266 ἵδρυσε
851 3192 901 3263 τῆς

99 3282 202 3345 πόλιος
228 3280 295 3341 ὅκου
320 3280 356 3356 ἦν
383 3279 608 3355 ἐπιτηδειότατον·
643 3281 671 3338 οἰ
696 3278 727 3338 δὲ
753 3276 901 3359 Αἰγύπτιοι

181 3361 209 3404 16
