2150 3500
196 116 244 163 238
505 116 689 166 ἨΡΟΔΟΤΟΤ
934 113 999 179 [ΠΙ.

194 193 244 254 τόν
257 194 360 276 Μάγον
372 195 475 260 ἶθέως.”
502 200 591 256 ταῦτα
604 196 664 256 εἶπε
676 194 824 273 Γωβρύης·
842 194 892 253 καὶ
903 194 1002 259 πάντες

194 285 283 341 ταῦτα
295 283 395 344 αἴνεον.

148 369 187 431 74
235 368 285 429 Ἐν
302 368 323 448 ᾧ
341 371 371 430 δέ
389 369 467 431 οὗτοι
485 376 574 432 ταῦτα
594 369 782 448 ἐβουλεύοντο
803 371 916 451 ἐγίνετο
935 370 1002 431 κατά

196 461 348 538 συντυχίην
355 459 431 519 τάδε·
444 464 522 520 τοῖσι
535 460 668 541 Μάγοισι
676 459 752 529 ἔδοξε
761 458 1003 536 βουλευομένοισι

196 547 374 625 Πρηξάσπεα
400 549 487 625 φίλον
513 547 701 625 προσθέσθαι,
724 545 770 607 ὅτι
792 547 1003 610 τεέπεπόνθεε

195 634 266 713 πρός
279 635 445 713 Καμβύσεω
458 635 587 714 ἀνάρσια,
601 635 643 715 (ὅς
659 638 687 695 οἱ
700 634 752 695 τάν
763 634 856 693 παῖδα
867 635 1003 704 τοξεύσας

195 721 395 804 ἀπολωλέκεε,)
405 725 451 784 καὶ
460 723 530 784 διότι
536 728 640 801 μοῦνος
649 722 794 799 ἠπίστατο
803 722 857 782 τόν
868 722 1003 799 Σμέρδιος

194 814 245 869 τοῦ
264 809 360 888 Κύρου
378 811 498 873 θάνατον
515 811 674 890 αὐτοχειρίῃ
687 836 736 888 μιν
752 808 915 873 ἀπολέσας·
936 810 1003 886 πρός

195 896 219 955 δ’
240 899 287 968 ἔτι,
309 898 390 959 ε’όντα
413 905 442 960 ἔν
465 900 528 979 αἴνῃ
551 899 673 981 μεγίστῃ
695 896 755 958 τόν
766 896 954 974 Πρηξάσπεα
975 904 1002 957 έν

196 985 339 1065 Πέρσῃσι.
371 987 476 1047 τούτων
494 988 529 1063 δή
541 1013 591 1064 μιν
609 986 710 1046 εἶνεκεν
725 984 904 1048 καλέσαντες
917 987 1003 1061 φίλον

195 1074 412 1150 προσεκτέωντο,
422 1076 505 1136 πίστι
516 1100 549 1135 τε
561 1073 700 1151 λαβόντες
713 1073 760 1132 καὶ
773 1071 909 1149 ὁρκίοισι,
919 1073 940 1150 ἦ
949 1073 1003 1150 μην

197 1162 267 1231 ἕξειν
279 1162 344 1239 παρ’
359 1166 448 1241 ἑωυτῷ
459 1162 522 1240 μηδ’
537 1162 657 1232 ἐξοίσειν
667 1161 766 1238 μηδενὶ
781 1159 941 1237 ἀνθρώπων
952 1161 1002 1236 την

196 1249 252 1309 ἀπό
267 1249 364 1327 σφέων
376 1250 485 1327 ἀπάτην
500 1256 529 1315 ές
544 1249 662 1328 Πέρσας
672 1252 829 1331 γεγονυῖαν·
850 1247 1001 1327 ἀπισχναί-

195 1365 275 1415 μενοι
289 1338 326 1399 τά
342 1339 434 1399 πάντα
451 1342 478 1399 οἱ
497 1339 584 1417 μυρία
601 1338 711 1398 δύσειν.
743 1335 1001 1414 ύποδεκομένουδέ

195 1432 246 1486 τοῦ
265 1427 452 1504 Πρηξάσπεος
469 1425 601 1503 ποιήσειν
616 1430 713 1496 ταῦτα,
727 1424 763 1488 οἷς
779 1422 940 1485 ἀνέπεισάν
954 1450 1001 1502 μιν

196 1517 223 1572 οἱ
243 1514 348 1595 Μάγοι,
367 1515 480 1593 δεύτερα
498 1513 687 1593 προσέφερον,
704 1511 785 1571 αὐτοὶ
803 1514 859 1589 μὲν
878 1512 1000 1589 φάμενοι

196 1601 313 1678 Πέρσας
322 1602 428 1666 πάντας
441 1602 608 1685 συγκαλέειν
616 1601 671 1662 ύπό
681 1600 716 1661 τό
728 1600 890 1677 βασιλήϊον
899 1605 999 1681 τεῖχος,
1048 1663 1049 1680 γ

197 1694 287 1750 κεῖνον
303 1690 326 1750 δ’
340 1689 467 1752 ἐκέλευον
483 1689 630 1769 ἀναβάντα
647 1689 694 1751 ἐπὶ
711 1687 818 1771 πύργον
835 1688 999 1770 ἀγορεῦσαι,

196 1777 231 1840 ὥς
243 1777 299 1837 ύπό
308 1783 359 1838 τοῦ
372 1779 468 1857 Κύρου
481 1780 616 1857 Σμέρδιος
628 1777 762 1858 άρχονται
771 1777 818 1836 καὶ
827 1776 876 1836 ἀπ’
887 1777 998 1841 ούδενός

186 1865 298 1926 ’ἄλλου
330 1872 420 1940 ταῦτα
435 1868 465 1927 δὲ
484 1867 556 1928 οὕτω
572 1867 758 1936 ἐνετέλλοντο,
771 1864 809 1928 οἷς
823 1865 999 1927 πιστοτάτου

196 1953 279 2031 δῆθεν
296 1954 389 2020 ἐόντος
407 1955 492 2016 αὐτοῦ
510 1961 540 2016 έν
553 1955 694 2035 Πέρσῃσι,
709 1955 755 2013 καὶ
772 1953 918 2017 πολλάκις
932 1953 999 2014 ἀπο-

196 2042 345 2121 δεξαμένου
360 2043 472 2126 γνώμην
488 2041 523 2107 ὥς
539 2043 645 2120 περιείη
659 2043 675 2102 ό
693 2040 788 2119 Κύρου
807 2041 938 2118 Σμέρδις,
951 2043 997 2100 καὶ

149 2131 423 2209 75ἔξαρνησαμένου-
442 2132 492 2192 τόν
512 2129 602 2208 φόνον
621 2130 716 2190 αὐτοῦ·
742 2127 873 2204 Φαμένου
897 2129 929 2188 δὲ
950 2131 996 2189 καὶ

195 2224 284 2279 ταῦτα
300 2221 411 2298 ἑτοίμου
425 2221 495 2282 εἶναι
509 2217 615 2279 ποιέειν
626 2222 678 2278 τοῦ
690 2207 880 2294 Πρηξάσπεα,
895 2243 997 2300 σιγκα-

196 2306 331 2370 λέσαντες
349 2307 465 2385 Πέρσας
484 2310 511 2368 οἱ
529 2305 636 2388 Μάγοι,
650 2305 831 2383 ἀνεβίβασαν
850 2303 939 2365 αύτόν
954 2308 998 2365 ἐπὶ

196 2392 305 2473 πύργον
331 2395 377 2453 καὶ
398 2395 541 2475 ἀγορεύειν
563 2394 700 2453 ἐκέλευον·
726 2392 743 2454 ό
769 2393 800 2452 δὲ
822 2396 880 2453 τῶν
903 2392 997 2470 μέντοι

198 2483 297 2539 ε’κεῖνοι
314 2481 502 2557 προσεδέοντο
521 2481 615 2552 αι’ντοῦ,
628 2480 732 2541 τούτων
746 2482 799 2557 μὲν
814 2478 885 2540 ἑκὼν
901 2482 998 2558 έπελίρ

198 2567 272 2627 θετο·
296 2567 450 2645 ἀρξάμενος
469 2569 500 2628 δὲ
518 2569 575 2631 ἀπό
594 2567 998 2651 Ἂχαιμένεοςέγενεηλόγησε

196 2654 248 2732 την
260 2653 381 2732 πατριὴν
393 2655 445 2733 τὴν
458 2655 564 2736 Κύρου·
580 2657 652 2735 μετά
666 2657 703 2725 δὲ,
717 2655 754 2719 οἷς
767 2660 795 2719 ἐς
807 2658 910 2716 τοῦτον
922 2656 997 2716 ’κατέ-

196 2745 247 2820 βη,
273 2747 410 2804 τελευτῶν
440 2745 519 2826 ἔλεγε
548 2743 606 2804 ὅσα
634 2742 729 2825 ἀγαθά
758 2746 854 2820 Κῦρος
882 2744 998 2822 Πέρσας

195 2830 353 2907 πεποιήκοι·
375 2832 521 2902 διεξελθών
541 2832 686 2904 δὲταῦτα,
709 2830 837 2907 ἐξέφαινε
856 2831 912 2907 τὴν
930 2831 996 2909 ἀλη-

196 2918 285 2992 θηίην,
307 2917 437 2994 φάμενος
450 2919 587 2996 πρότερον
606 2920 659 2996 μὲν
679 2917 818 2994 κρύπτειν·
842 2918 877 2977 ού
895 2919 952 3000 γάρ
971 2924 997 2979 οἶ

196 3003 266 3061 εἶναι
280 3003 410 3080 ἀσφαλὲς
421 3005 514 3086 λέγειν
523 3005 560 3064 τά
568 3002 714 3084 γενόμενα·
732 3010 761 3065 έν
771 3006 802 3064 δὲ
813 3009 853 3083 τῷ
866 3007 997 3083 παρεόντι

195 3088 348 3169 ἀναγκαίην
360 3117 409 3168 μιν
422 3089 652 3167 καταλαμβάνειν
662 3093 782 3166 φαίνειν.
811 3093 860 3151 καὶ
872 3093 908 3169 δὴ
919 3096 995 3176 ἔλεγε

194 3173 244 3232 τόν
262 3177 315 3250 μὲν
334 3177 430 3252 Κύρου
450 3176 570 3253 Σμέρδιν
590 3176 627 3238 οἷς
646 3178 730 3241 αὐτός
750 3178 808 3239 ύπδ
829 3181 996 3258 Καμβύσεω

194 3256 417 3339 ἀναγκαζόμενος
436 3262 615 3331 ἀποκτείνειε,
633 3265 699 3327 τοί-ς
719 3266 840 3349 Μάγους
859 3268 892 3328 δὲ
911 3271 996 3346 βασι-
1042 3312 1043 3351 i
