2150 3500
173 102 223 151 τοι
480 63 666 152 Ἢυοιότοι·
913 99 978 165 [tv.

172 178 273 242 θυσίας
290 180 428 244 ἐπετείους
441 179 624 262 προσάγουσι
642 178 795 256 προβάτων
813 180 860 239 καὶ
877 180 980 254 ἵππων,

173 266 220 326 καὶ
236 267 270 342 δὴ
288 269 333 326 καὶ
352 267 442 329 τοῖσδ’
456 270 497 328 ἔτι
516 268 594 326 πλέω
615 266 716 327 θύουσι
729 265 748 342 ἦ
761 270 838 327 τοῖσι
859 266 980 328 ἄλλοισι

172 353 272 414 θεοῖσι·
293 354 378 419 ὅσους
396 355 418 415 δ’
435 353 469 416 άν
485 360 541 416 τῶν
557 355 702 432 πολεμίων
722 354 898 436 ζωγρήσωσι,
916 355 977 416 άπό

172 446 227 501 τῶν
247 442 345 503 ἑκατόν
365 442 470 520 ἀνδρῶν
486 443 573 520 ἄνδρα
590 443 637 502 ἕνα
657 441 765 512 θύουσι,
778 441 874 522 τρόπῳ
887 441 921 502 ου’
940 449 981 522 τῷ

172 528 246 609 αύτῷ
264 528 287 608 ᾧ
307 531 353 589 καὶ
372 530 408 590 τά
427 530 569 609 πρόβατα,
591 528 658 588 ἀλλ’
679 531 800 608 ἑτεροίῳ·
821 529 906 590 ἐπεάν
921 530 980 611 γάρ

174 616 250 677 οἶνον
271 619 460 678 ἐπισπείσωσι
483 617 554 678 κατά
580 622 637 678 τῶν
662 617 817 693 κεφαλέων,
839 617 980 695 ἀποσφά-

172 704 254 775 ζουσι
272 705 337 769 τοῦς
357 705 518 783 ἀνθρώπους
538 711 566 770 ἐς
586 704 682 788 ἄγγος,
695 706 742 764 καὶ
762 705 857 765 ἔπειτα
876 704 980 766 άνενεί-

173 816 271 856 καντες
282 792 337 852 ἄνω
351 794 397 852 ἐπὶ
409 792 460 854 τόν
472 793 558 876 ὄγκον
571 797 628 853 τῦν
644 792 792 874 φρυγάνων
807 794 980 872 καταχέουσι

172 880 206 940 τό
219 881 290 957 αἷμα
302 886 353 941 τοῦ
365 880 518 945 άκινάκεος·
539 879 594 942 άνω
607 883 660 957 μὲν
672 881 708 956 δή
727 882 866 959 φορέουσι
882 885 979 942 τοῦτο·

172 967 246 1027 κάτω
266 968 388 1046 δὲπαρά
404 970 438 1030 τό
460 969 521 1047 ίρδν
540 974 653 1030 ποιεῦσι
672 969 747 1029 τάδε·
767 972 824 1028 τῶν
842 969 980 1046 οἷποσφα·

171 1057 275 1136 γέντων
290 1056 396 1135 ἀνδρῶν
410 1056 475 1120 τοῦς
495 1056 602 1128 δεξιοῦς
622 1056 712 1133 ὤμους
730 1055 837 1120 πάντας
850 1055 980 1135 α’ποτόμ-

173 1169 266 1207 νοντες
279 1145 333 1204 σῦν
346 1149 415 1225 τῇσι
429 1145 514 1224 χερσὶ
531 1149 560 1208 ἐς
577 1145 628 1205 τόν
643 1145 713 1223 ἠέρα
728 1147 803 1214 ἱεῖσι,
818 1144 865 1203 καὶ
881 1145 980 1206 ἔπειτα

174 1233 221 1291 καὶ
232 1232 270 1293 τά
282 1231 372 1292 ἄλλα
365 1231 563 1310 ἀπέρξαντες
554 1232 631 1310 ιρήῖα
643 1232 893 1293 ἀπαλλάσσονται·
914 1233 979 1312 χεὶρ

126 1319 259 1380 63δέ
222 1347 258 1400 τῃ
278 1318 314 1381 ἂν
332 1321 408 1400 πέσῃ
429 1320 527 1391 κέεται,
542 1321 589 1379 καὶ
608 1321 693 1400 χωρὶς
710 1321 727 1381 ό
746 1319 851 1399 νεκρός·
872 1323 980 1382 Θυσίαι

172 1409 226 1485 μέν
242 1434 291 1469 νυν
309 1405 393 1470 αῦταί
411 1415 467 1486 σφι
487 1409 665 1479 κατεπτέασι,
679 1407 728 1468 ῦσὶ
748 1408 779 1468 δὲ
798 1407 877 1468 οῦτοι
898 1408 979 1470 οῦδὲν

173 1497 328 1572 νομίζουσι·
363 1495 427 1557 οὐδὲ
447 1497 561 1575 τρέφειν
585 1501 615 1558 ἐν
634 1501 670 1576 τῇ
690 1495 768 1576 χώρῃ
786 1495 821 1557 τδ
840 1495 979 1575 παράπαν

173 1583 300 1644 θέλουσι.
674 1657 677 1663 ¹

126 1671 165 1730 64
213 1670 257 1730 Τά
281 1670 306 1731 δ
333 1676 362 1736 ἐς
386 1673 513 1752 πόλεμον
540 1675 640 1754 ἔχοντα
666 1670 720 1732 ὧδέ
743 1677 801 1749 σφι
827 1672 978 1734 διακέεται·

173 1758 257 1819 ἐπεάν
278 1758 329 1820 τόν
353 1766 465 1839 πριῦτον
485 1760 572 1840 ἄνδρα
592 1761 743 1841 καταβάλῃ
764 1760 834 1839 άνῆρ
855 1762 978 1841 Σκύθης,

173 1851 224 1907 τοῦ
244 1848 361 1925 αἵματος
387 1851 504 1926 ἐμπίνει·
538 1850 623 1914 ὅσους
643 1848 667 1909 δ’
687 1847 722 1909 ἂν
743 1849 871 1929 φονεύσῃ
892 1856 923 1911 ἐν
942 1857 980 1931 τῇ
1058 1886 1059 1927 j

172 1934 260 2015 μάχη,
279 1936 384 1998 τούτων
408 1938 459 2002 τὰς
480 1937 607 2014 κεφαλάς
627 1936 766 2016 ἀποφέρει
783 1942 823 2017 τῷ
843 1940 979 2015 βασιλέϊ·

172 2024 318 2089 ἀπενείκας
328 2028 381 2102 μὲν
392 2026 447 2108 γάρ
461 2025 590 2102 κεφαλὴν
602 2029 653 2103 τῆς
666 2026 748 2102 ληίης
760 2027 980 2137 μεταλαμβάνει

173 2138 225 2188 την
233 2139 272 2173 αν
284 2113 458 2191 λάβωσι,
417 2140 458 2191 μη
472 2115 576 2177 ἐνείκας
588 2111 664 2173 δέ
631 2139 674 2174 ου·
690 2113 831 2192 ἀποδείρει
844 2114 927 2173 δὲ’
890 2116 980 2192 αυτήν

172 2200 267 2280 τρόπῳ
285 2202 390 2282 τοιῶδε·
409 2201 569 2279 περιταμιδν
588 2200 681 2285 κόκλιρ
700 2203 766 2279 περὶ
785 2203 822 2262 τά
842 2201 908 2274 ὦτα,
931 2206 980 2264 καὶ
1057 2256 1058 2263 ,

173 2283 388 2366 λαβόμενος
352 2313 403 2367 της
421 2293 577 2367 κεφαλῆς’
564 2290 674 2349 εκσείει·
694 2316 766 2367 μετα
756 2290 820 2361 δὲ,
836 2291 980 2367 σαρκίσας

173 2375 246 2450 βοός
264 2381 373 2456 πλευρῇ
394 2378 526 2456 δέψει
489 2403 559 2457 τῃσι
577 2379 671 2457 χερσί
710 2376 836 2460 όργήσας
855 2378 945 2438 δὲ’
906 2380 979 2440 αυτό

172 2460 224 2520 ἅτε
241 2464 443 2541 χειρόμακτρον
463 2466 584 2541 ἔκτηται·
605 2470 636 2524 ἐκ
656 2466 687 2525 δέ
705 2470 762 2526 τῶν
779 2469 906 2545 χαλινῶν
925 2472 980 2529 τοῦ

174 2550 260 2609 ἵππου
285 2575 336 2610 τον
361 2551 443 2616 αύτος
463 2552 621 2626 ἐλαύνει,’
608 2580 638 2614 εκ
664 2552 765 2615 τούτου
786 2552 907 2625 ἐξάπτει,
931 2556 978 2615 καὶ
1056 2565 1057 2584 ’

172 2637 367 2720 οἷγάλλεται·“ἱ
351 2665 382 2703 ος
393 2667 450 2721 γαρ
464 2639 498 2701 ἂν
509 2645 635 2702 πλεῖστα
648 2642 771 2720 δέρματα
783 2642 978 2721 χειρόμακτρα

173 2728 232 2807 ἔχη,
249 2726 356 2806 άνηρ”
337 2753 452 2806 αριστος
468 2727 549 2793 οὗτος
565 2732 697 2808 κέκριται·
716 2731 824 2791 πολλοὶ
840 2730 871 2789 δέ
884 2730 978 2793 αῦτιῦν
1055 2804 1056 2811 γ

172 2821 204 2876 ἐκ
215 2820 270 2879 τῶν
279 2816 476 2895 ἀποδερμάτων
489 2844 535 2877 και
525 2819 668 2897 χλαίνας
679 2819 841 2880 ἐπείνυσθαι
850 2823 976 2891 ποιεῦσι,

171 2906 378 2983 συρράπτοντες
398 2906 520 2983 κατάπερ
541 2907 653 2983 βαίτας·
686 2908 792 2966 πολλοὶ
813 2906 845 2965 δὲ
868 2905 977 2985 α’νδροῦν

172 2992 325 3095 ἐχθρῶν
290 3018 341 3054 τας
354 2991 493 3061 δεξιάς’
456 3019 542 3072 χερας
553 2998 656 3099 νεκρῶν
667 2993 766 3054 ἐόντων
778 2992 977 3073 ἀποδείραντες

170 3075 282 3135 αὐτοῖσι
300 3076 383 3149 ὄνυξι,
397 3079 612 3155 καλύπτρας
572 3106 628 3141 των
626 3082 805 3192 φαρετρέων
820 3086 976 3142 ποιεῦνται·

170 3158 259 3235 δέρμα
275 3163 305 3221 δὲ
324 3163 471 3240 α’νθριόπου
491 3163 537 3222 καὶ
559 3168 634 3246 παχύ
655 3194 702 3228 και
692 3168 888 3246 λαμπρδν’
868 3195 906 3245 ην
917 3168 975 3248 ἅρα

169 3246 274 3318 σχεδόν
300 3248 501 3323 δερμάτων’
460 3276 571 3311 παντων
590 3255 793 3333 λαμπρότατον
811 3254 974 3331 λευκότητι·
