2150 3500
181 250 240 311 δέό
255 250 381 326 Ἀμασις
399 249 433 310 τό
449 254 480 309 ἐκ
498 254 554 310 τῶν
574 248 669 309 ιίστῶν
688 248 859 325 ποιεύμενον,
876 273 982 329 συγκα-

180 338 269 402 λέσας
281 338 448 419 Αἰγυπτίους
461 336 578 415 ἐξέφηνε
593 336 650 412 φόκ
665 341 695 395 ἐκ
713 340 763 395 τοῦ
775 335 983 416 ποδανιπτῆρος

181 423 317 505 τῶγαλμα
329 425 480 507 γεγονέναι,
494 430 522 488 ἐς
533 424 584 485 τόν
603 423 739 501 πρότερον
753 425 805 499 μὲν
819 421 885 486 τούς
898 427 982 505 Αἷγυ

181 513 278 576 πτίους
298 517 403 590 ἐνεμεῖν
422 538 454 573 τε
474 513 519 572 καὶ
540 512 674 589 ἐνουρέειν
686 511 733 570 καὶ
751 509 839 573 πόδας
857 512 981 571 ἐναπονί·

182 600 288 671 ζεσθαι,
309 600 373 661 τότε
392 599 423 659 δὲ
442 599 572 681 μεγάλως
592 598 743 675 σέβεσθαι·
782 595 837 673 ήδη
858 596 906 668 ιιίν,
928 599 982 675 ἔφη

181 687 279 761 λέγων,
293 686 394 763 ὁμοίως
407 686 489 751 αύτός
501 690 541 765 τῷ
557 686 742 762 ποδανιπτῆρι
755 686 940 767 πεπρηγέναι·
959 692 984 747 εἰ

180 772 237 855 γὰρ
256 773 392 851 πρότερον
412 774 482 835 εἶναι
502 774 632 851 δημότης,
656 772 722 832 ἀλλ’
743 777 773 832 ἐν
790 776 830 851 τῷ
849 772 982 851 παρεόντι

182 860 252 921 εἶναι
272 860 362 922 αὐτῶν
381 862 529 939 βασιλεύς·
553 863 601 921 καὶ
619 864 704 938 τιριῖν
722 886 754 920 τε
774 861 822 919 καὶ
840 862 982 939 προμηθέ

182 949 265 1009 εσθαι
285 952 385 1009 ἑωυτοῦ
405 951 520 1009 ἐκέλευε.
563 949 678 1029 τοιούτῳ
694 950 747 1025 μέν
761 947 856 1027 τρόπιρ
874 974 983 1027 προση-

181 1035 286 1116 γιίγετο
306 1035 372 1101 τούς
392 1037 570 1119 Αἰγυπτίους,
591 1035 672 1096 ὥστε
687 1035 810 1095 δικαιοῦν
829 1035 982 1097 δουλεύειν.

137 1122 196 1183 173
229 1123 351 1203 Ἐχρᾶτο
364 1124 393 1184 δέ
404 1124 576 1185 καταστάσει
585 1121 756 1205 πρηγμάτων
764 1122 868 1201 τοιῇδε·
884 1124 921 1184 τό
933 1127 983 1201 μέν

182 1208 303 1289 ὄρθρων,
329 1213 413 1291 μέχρι
438 1210 504 1273 ὅτου
526 1210 677 1289 πληθιόρης
700 1208 812 1289 οἷγορής,
830 1210 984 1288 προθύμως

183 1298 310 1375 ἔπρησσε
329 1299 365 1359 τὰ
384 1299 604 1377 προσφερόμενα
623 1297 784 1378 πρήγματα·
819 1297 854 1357 τό
875 1297 908 1358 δὲ
927 1298 983 1360 ἀπό

182 1385 281 1447 τούτου
294 1387 369 1447 ἐπινέ
380 1411 411 1447 τε
429 1387 476 1446 καὶ
494 1387 671 1446 κατέσκωπτε
685 1384 751 1447 τούς
765 1383 925 1461 συμπότας,
938 1388 985 1447 καὶ
1035 1424 1038 1427 «

183 1471 218 1549 ἦν
229 1472 346 1549 μόταιός
357 1499 389 1533 τε
401 1474 449 1533 καὶ
463 1471 647 1555 παιγνιήμων·
681 1470 867 1551 ἀχθεσθέντες
878 1472 910 1532 δὲ
922 1473 983 1534 τού

184 1583 261 1620 τοισι
287 1563 314 1620 οἱ
339 1561 422 1637 φίλοι
454 1559 540 1621 αὐτοῦ
574 1554 730 1620 ἐνουθέτεον
762 1557 855 1629 αύτόν,
888 1561 985 1621 τοιιίδε

183 1646 322 1727 λέγοντες·
352 1646 395 1705 “οἰ
418 1649 552 1723 βασιλεῦ,
576 1646 625 1707 ούκ
646 1646 735 1723 ὀρθῶς
754 1650 879 1706 σεωυτοῦ
900 1649 984 1726 προέ-

184 1759 298 1812 στηκας,
317 1738 345 1799 ἐς
358 1733 392 1795 τό
412 1733 484 1815 ι’ίγαν
504 1738 617 1812 φαῦλον
632 1734 761 1816 προάγων
774 1733 908 1796 σεωυτόν.
948 1739 985 1797 σὲ

183 1822 240 1905 γοὶρ
264 1826 337 1902 χρῆν
359 1827 389 1882 ἐν
409 1823 498 1902 θρόνῳ
525 1826 620 1902 σεμνῷ
645 1822 751 1900 σεμνόν
778 1822 927 1893 θωκέοντα,
948 1824 984 1884 δι’

183 1909 288 1989 ἡμέρης
300 1908 440 1989 πρήσσειν
452 1912 489 1971 τοὶ
503 1910 664 1991 πρήγματα·
685 1910 731 1968 καὶ
749 1907 820 1969 οὕτω
832 1908 986 1991 Αἰγύπτιοί

183 1997 209 2059 τ’
221 1996 256 2060 ἂν
268 1999 417 2060 ἐπιστέατο
431 1997 466 2062 ὦς
477 1997 523 2059 ὕπ’
537 1997 637 2075 ἀνδρός
648 1996 774 2078 μεγάλου
787 1994 925 2076 ἄρχονται
936 2000 983 2058 καὶ

185 2085 347 2165 ἄμεινονσύ
360 2086 394 2148 ἂν
406 2086 513 2164 ἤκουες·
533 2090 582 2146 νῦν
593 2085 624 2145 δέ
637 2084 740 2148 ποιέεις
757 2082 884 2161 ούδαμῶς
895 2087 982 2162 βασι·

185 2174 277 2234 λικό.”
311 2175 365 2235 ὁδ’
378 2174 512 2252 ἀμείβετο
531 2173 639 2234 τοιοίδε
658 2171 769 2236 αύτούς·
789 2170 852 2232 “vd
866 2173 939 2243 τόξα
956 2178 984 2234 οἱ

185 2262 354 2339 κεκτημένοι,
370 2262 453 2323 ἐπεὰν
467 2265 519 2339 μὲν
536 2261 649 2321 δέωνται
666 2260 793 2339 χρᾶσθαι
810 2259 983 2332 ἐντανύουσι,

185 2347 281 2430 [ἐπεὰν
306 2348 337 2408 δὲ
361 2348 530 2429 χρήσωνται,
553 2347 707 2429 ἐκλύουσι]·
740 2351 766 2407 εἰ
788 2346 845 2428 γδρ
870 2347 907 2424 δή
933 2348 984 2410 τόν

185 2434 277 2497 πάντα
290 2435 393 2515 χρόνον
412 2437 577 2513 ἐντεταμένα
592 2435 643 2511 εἴη,
661 2435 789 2516 ἐκραγείη
802 2432 846 2495 ἅν·
866 2433 943 2496 ὥστε
956 2441 984 2501 ἐς

184 2522 219 2582 τό
239 2523 301 2583 δέον
320 2522 370 2581 ούκ
390 2520 425 2583 ἂν
444 2525 532 2602 ἔχοιεν
552 2522 665 2584 αι’ποῖσι
683 2523 818 2602 χρῆσθαι.
859 2521 983 2601 οὕτωδή

185 2608 233 2668 καὶ
254 2607 400 2686 α’νθρύπου
422 2611 603 2674 κατάστασις·
632 2614 657 2671 εἰ
677 2611 771 2670 ἐθέλοι
793 2611 982 2671 κατεσπουδά-

185 2697 255 2757 σθαι
266 2696 319 2755 αῖεὶ
331 2697 402 2773 μηδὲ
417 2702 445 2761 ἐς
463 2699 593 2780 παιγνίην
605 2697 639 2758 τό
655 2698 740 2775 μέρος
755 2697 854 2758 ε’ωυτὸν
867 2697 981 2768 α’νιέναι,

185 2782 269 2844 λόθοι
287 2780 321 2844 ἂν
335 2783 399 2859 ἤτοι
415 2785 510 2861 μανεὶς
524 2783 544 2861 ἢ
556 2786 605 2866 ὅγε
624 2782 806 2862 ἀπόπληκτος
823 2784 981 2866 γενόμενος·

184 2870 221 2929 τὰ
241 2870 295 2952 ἐγιδ
315 2870 505 2948 ἐπισπόμενος,
518 2872 602 2950 μέρος
618 2872 738 2952 ἐκατέριρ
756 2871 854 2949 νέμω.”
893 2877 983 2933 ταῦτα

140 2957 196 3018 174
204 2960 256 3033 μέν
267 2957 332 3021 τούς
344 2960 445 3033 φίλους
456 2957 604 3035 ἀμείψατο.
644 2960 766 3039 Λέγεται
780 2959 811 3018 δὲ
822 2957 981 3035 όἋμασις,

152 3096 156 3106 ,
185 3044 231 3101 καὶ
243 3043 290 3104 ὅτε
301 3043 337 3119 ἧν
347 3043 462 3119 ἰδιότης,
472 3043 508 3106 ὥς
521 3043 680 3118 φιλοπότης
693 3045 745 3104 ἐιδν
758 3045 805 3103 καὶ
817 3046 983 3123 φιλοσκώμ-

184 3154 251 3204 μων,
272 3130 319 3188 καὶ
344 3129 469 3206 ούδαμῶς
494 3129 774 3204 κατεσπουδασμένος
799 3128 880 3206 α’νήρ·
914 3130 984 3196 ὅκως

185 3213 217 3272 δέ
240 3240 289 3290 μιν
315 3215 455 3274 ἐπιλείποι
478 3211 595 3272 πίνοντά
619 3236 652 3272 τε
678 3214 725 3272 καὶ
749 3214 922 3276 εὐπαθέοντα
946 3218 983 3278 τιὶ
