2150 3500
107 120 251 186 105-108]
440 122 575 174 θΑΔΕῘΔ.
863 126 911 174 253

106 198 285 277 ποταμῶν,ό
306 200 343 271 δέ,
360 200 455 279 ὥσπερ
477 202 612 279 ἐσήμηνα,
634 202 833 281 ἁρπαζόμενος.
873 202 911 265 τοὶ

108 287 140 347 δέ
166 288 279 364 δένδρεα
304 288 348 348 τά·
362 288 446 369 ἅγρια
469 289 567 349 αύτόθι
594 291 675 367 φέρει
698 290 806 367 καρπόν
832 291 911 369 εἴρια,

108 378 236 454 καλλονῇ
259 401 291 435 τε
317 377 496 453 προφέροντα
519 378 565 435 καὶ
592 377 678 456 α’ρετῇ
700 383 757 439 τῶν
779 378 836 438 άπδ
856 385 913 438 τῶν

108 461 183 522 ὀίων·
218 463 265 521 καὶ
289 465 389 539 ἐσθῆτι
414 468 441 523 οἱ
465 463 549 525 Ἰνδοὶ
573 462 630 525 άπό
651 466 756 526 τούτων
778 472 833 527 τῶν
854 468 911 527 δεν-

109 548 198 626 δρέων
217 551 362 629 χρέωνται.
404 550 483 628 Πρός
497 551 519 610 δ’
533 551 568 611 αὖ
581 555 763 631 μεσαμβρίης
784 554 891 634 ἐσχάτη
902 554 959 618 107

108 634 234 714 Ἀραβίη
255 643 311 698 τῶν
329 640 492 716 οἷκεομένων
513 641 623 717 χωρέων
641 642 711 700 ἐστί·
733 646 762 700 ἐν
780 641 810 700 δὲ
824 642 912 721 ταύτῃ

108 725 270 800 λιβανωτός
296 727 329 787 τέ
357 731 419 786 ἐστι
443 725 532 804 μούνῃ
564 727 675 806 χωρέων
703 729 816 787 πασέων
843 730 912 805 φυό·

108 837 201 887 μενος,
233 813 280 871 καὶ
307 813 425 891 σμύρνη,
450 814 496 873 καὶ
526 816 621 890 κασίη,
648 814 695 873 καὶ
728 815 911 893 κιννάμωμον,

109 900 158 958 καὶ
184 899 316 977 λήδανον.
356 906 445 962 ταῦτα
471 902 571 973 πάντα,
598 902 676 979 πλήν
701 907 752 979 τῆς
778 902 911 980 σμύρνης,

109 986 267 1053 δυσπετέως
280 990 409 1049 κτέωνται
422 992 450 1049 οἱ
461 988 604 1068 Ἀράβιοι.
643 989 694 1050 τόν
706 991 758 1067 μέν
774 1016 809 1071 γε
826 992 911 1067 λιβα-

108 1075 197 1135 νωτόν
218 1078 402 1158 συλλέγουσι,
420 1077 473 1153 τήν
494 1077 621 1154 στύρακα
642 1079 792 1155 θυμιῶντες
811 1078 864 1154 τήν
884 1083 913 1144 ἐς

103 1161 249 1241 Ἕλληνας
262 1166 385 1229 Φοίνικες
399 1164 542 1246 ἐξάγουσι·
561 1166 665 1242 ταύτην
678 1167 827 1243 θυμιῶντες
839 1170 912 1243 λαμ-

108 1250 243 1326 βάνουσι·
268 1252 304 1311 τά
325 1253 380 1334 γάρ
399 1253 512 1330 δένδρεα
530 1258 621 1313 ταῦτα
634 1254 670 1312 τοὶ
691 1254 913 1332 λιβανωτοφόρα

108 1336 191 1419 ὄφιες
215 1339 375 1420 ύπόπτεροι,
398 1342 494 1418 μικροὶ
516 1341 553 1401 τά
573 1339 705 1421 μεγάθεα,
728 1341 854 1400 ποικίλοι
874 1341 910 1401 τά

109 1426 192 1498 εἴδεα,
219 1428 415 1504 φυλάσσουσι,
442 1427 548 1504 πλήθεϊ
575 1428 682 1488 πολλοὶ
709 1429 775 1506 περὶ
799 1428 912 1506 δένδρον

109 1514 239 1579 ἕκαστον·
260 1515 337 1578 οὗτοι
350 1518 430 1595 οίτερ
443 1516 485 1576 ἐπ’
498 1518 644 1598 Αἴγυπτον
657 1515 910 1593 ἐπιστρατεύονται·

109 1599 201 1664 ούδενὶ
221 1604 252 1663 δέ
272 1604 353 1685 ἄλλῳ
374 1603 579 1667 ἀπελαύνονται
595 1603 652 1665 άπό
669 1608 725 1665 τῶν
740 1603 877 1681 δενδρέων,
892 1603 911 1681 ἢ

108 1693 161 1766 τῆς
186 1691 323 1770 στύρακος
346 1697 384 1772 τῷ
410 1698 514 1774 καπνῷ.
555 1693 681 1775 Λέγουσι
704 1692 735 1754 δὲ
758 1692 805 1752 καὶ
828 1692 959 1755 τόδε108

108 1777 249 1855 Ἀράβιοι,
277 1780 314 1844 οἷς
340 1785 422 1841 πᾶσα
442 1780 477 1842 ἂν
498 1786 537 1864 γῆ
565 1782 726 1859 ἐπίμπλατο
746 1785 802 1841 τῶν
821 1780 912 1857 ὀφίων

107 1865 222 1938 τούτων,
238 1871 261 1927 εί
273 1867 314 1945 μή
330 1869 460 1949 γίνεσθαι
476 1869 535 1929 κατ’
549 1867 649 1933 αύτούς
665 1868 725 1929 οἶόν
737 1895 765 1928 τι
778 1867 850 1928 κατά
861 1868 912 1932 τοῖς

109 1954 220 2033 ἐχίδνας
239 1953 402 2033 ἠπιστάμην
418 1957 556 2037 γίνεσθαι.
598 1957 647 2015 καί
664 1981 717 2020 κως
733 1959 784 2015 τοῦ
802 1956 876 2017 θείου
891 1955 911 2033 ἡ

108 2043 235 2120 προνοίη,
260 2043 355 2120 ὥσπερ
376 2044 423 2103 καὶ
444 2042 518 2106 οἶκός
536 2049 607 2114 ἐστι,
629 2047 717 2102 ἐοῦσα
737 2042 827 2119 σοφή·
854 2041 911 2104 ὅσα

108 2132 161 2206 μέν
182 2131 238 2213 γάρ
262 2131 364 2210 ψυχήν
377 2156 409 2191 τε
429 2130 508 2191 δειλὰ
529 2130 577 2190 καὶ
604 2129 731 2206 ἐδώδιμα,
751 2133 840 2190 ταῦτα
859 2133 912 2207 μὲν

108 2217 202 2278 πάντα
222 2219 368 2300 πολύγονα
395 2219 554 2295 πεποίηκεν,
575 2219 620 2278 ἶνα
645 2217 686 2294 μή
709 2216 825 2296 ἐπιλίπῃ
847 2243 912 2278 κατ·

110 2306 271 2383 εσθιόμενα·
291 2307 349 2368 ὅσα
368 2307 399 2366 δέ
416 2307 537 2387 σχέτλια
558 2305 604 2365 καὶ
623 2304 731 2383 άνιηρά,
748 2303 910 2386 ὀλιγόγονα.

109 2398 194 2454 τοῦτο
207 2397 268 2472 μὲν,
282 2395 325 2456 ὅτι
338 2393 354 2456 ὅ
367 2395 455 2476 λαγός
467 2393 522 2454 ύπό
537 2392 641 2456 παντός
655 2391 799 2469 θηρεύεται
814 2392 912 2469 θηρίου

111 2483 159 2541 καὶ
182 2482 292 2560 ὄρνιθος
312 2483 359 2543 καὶ
379 2482 534 2560 άνθριύπου,
558 2481 630 2542 οὕτω
650 2481 685 2557 δή
706 2507 735 2541 τι
750 2479 912 2562 ’πολύγονόν

84 2647 88 2655 1
111 2575 184 2630 ἐστι·
212 2571 401 2632 ἐπικυΐσκεται
421 2575 525 2648 μοῦνον
542 2570 652 2632 πάντων
671 2570 781 2648 θηρίων·
810 2569 910 2630 καὶτὰ

110 2659 163 2735 μὲν
175 2658 248 2719 δασύ
266 2664 322 2721 τῶν
333 2660 434 2720 τέκνων
448 2663 477 2719 ἐν
491 2663 529 2738 τῇ
540 2658 653 2739 γαστρὶ,
667 2657 701 2718 τό
719 2658 750 2717 δέ
766 2657 862 2737 ψιλόν,
874 2657 909 2718 τό

112 2746 142 2805 δέ
155 2744 218 2825 ἅρτι
236 2751 266 2807 ἐν
285 2751 353 2826 τῇσι
369 2745 497 2825 μήτρῃσι
516 2744 689 2816 πλάσσεται,
701 2743 735 2805 τό
757 2745 787 2804 δέ
804 2744 912 2822 άναιρέ·

112 2859 181 2892 εται·
201 2838 284 2895 τοῦτο
303 2838 356 2912 μέν
373 2835 407 2911 δή
425 2833 536 2894 τοιοῦτό
554 2839 624 2893 ἐστι.
665 2831 685 2907 ή
704 2832 734 2891 δέ
751 2831 786 2907 δή
803 2832 911 2902 λέαινα,

112 2918 160 2980 ἐὸν
178 2921 363 2999 ἰσχυρότατον
383 2922 429 2981 καὶ
449 2920 634 3000 θρασύτατον,
654 2917 732 2988 ἅπαξ
750 2923 780 2978 ἐν
798 2923 837 2996 τῷ
855 2920 913 2998 βίῳ

111 3008 200 3068 τίκτει
219 3008 258 3068 ἐν·
278 3008 413 3070 τίκτουσα
427 3009 483 3090 γάρ
501 3007 694 3085 συνεκβάλλει
709 3011 749 3085 τῷ
764 3006 850 3084 τέκνῳ
862 3006 913 3070 τοὶς

112 3095 231 3174 μήτρας·
260 3095 294 3157 τό
315 3096 346 3157 δέ
371 3097 460 3158 α’ίτιον
481 3095 581 3156 τούτου
600 3095 666 3156 τόδε
689 3094 761 3154 ἐστί·
792 3093 913 3154 ἐτεάνό

112 3183 238 3261 σκύμνος
257 3187 287 3244 ἐν
305 3188 343 3262 τῇ
359 3184 451 3263 μήτρῃ
470 3183 524 3244 ἐάν
533 3182 656 3263 ἄρχηται
671 3179 880 3259 διακινεόμενος,
897 3179 915 3241 ό

113 3270 144 3330 δέ
165 3273 235 3350 ἔχων
254 3268 356 3350 ὄνυχος
375 3272 477 3348 θηρίων
496 3271 608 3332 πολλόν
627 3269 738 3332 πάντων
756 3266 914 3339 ὀξυτάτους,
