2150 3500
178 94 211 144 ιι
485 91 670 142 Ἤτοοοτου
950 88 987 155 [1

178 172 278 251 ἔτρεφε
289 171 309 249 ἤ
321 171 391 254 γυνη
403 175 455 234 τοῦ
466 170 619 250 βουκόλου,
631 169 737 246 οὔνομα
746 167 822 229 ἀλλο
835 169 888 230 κού
897 195 929 230 τι
940 169 988 228 καὶ

131 259 190 320 114
198 258 231 320 ού
244 263 340 338 Κῦρον
353 260 465 337 θεμένη.
508 259 566 318 Καὶ
579 257 626 318 ὅτε
639 257 674 333 δὴ
686 257 722 334 ἧν
734 257 865 333 δεκαέτης
878 257 897 317 ὅ
908 259 986 330 παῖς,

176 352 294 429 πρῆγμα
319 351 348 412 ἐς
371 347 454 409 αὐτόν
479 345 587 408 τοιάνδε
609 345 760 428 γενόμενον
782 345 904 424 ἐξέφηνέ
925 371 987 423 μιν·

179 436 272 507 ἔπαιζε
285 439 314 494 ἐν
323 440 359 514 τῇ
370 433 448 514 κύμη
457 434 545 512 ταύτῃ
556 438 585 493 ἐν
597 437 634 512 τῇ
642 432 718 509 ἦσαν
730 431 776 491 καὶ
789 435 818 491 αἱ
830 435 988 509 βουκολίαι

178 520 267 594 αὗται,
284 523 377 594 ἔπαιζε
395 523 425 582 δὲ
442 521 502 600 μετ’
518 521 616 582 ἀλλων
632 520 738 597 ἡλίκων
755 525 785 593 ἐν
802 519 867 600 ὁδῷ·
889 523 939 581 καὶ
959 525 988 583 οἱ

178 611 274 674 παῖδες
282 612 426 682 παίζοντες
434 611 544 671 εἵλοντο
555 612 659 669 ἑωυτῶν
667 607 796 685 βασιλέα
804 607 875 668 εἶναι
882 612 988 670 τοῦτον

178 698 278 774 δῆτάν
292 703 342 759 τοῦ
360 697 504 775 βουκόλου
522 697 671 772 ἐπίκλησιν
689 693 785 756 παῖδα·
806 695 824 755 ἀ
841 695 874 756 δέ
893 696 987 758 αύτῶν

178 785 284 856 διέταξε
299 785 363 849 τούς
378 789 430 863 μέν
446 786 533 849 οἰκίας
546 783 723 861 οἰκοδομέειν,
737 782 802 846 τούς
818 784 849 844 δέ
862 783 987 862 δορυφό-

177 898 242 950 ρους
255 873 332 944 εἴναι,
342 873 392 934 τόν
401 873 433 933 δέ
444 899 494 938 κου
503 870 566 934 τινά
579 871 668 932 αύτῶν
677 869 830 948 ὀφθαλμόν
841 873 987 948 βασιλέος

178 959 256 1031 εἶναι,
269 964 307 1040 τῷ
320 960 352 1019 δέ
365 985 419 1020 τινι
431 959 481 1023 τάς
494 959 628 1042 ἀγγελίας
641 959 771 1036 ἐσφέρειν
784 958 876 1018 ἐδίδου
887 960 986 1041 γέρας·

178 1046 214 1111 οἷς
232 1046 339 1126 ἑκάστῳ
357 1049 438 1129 ἔργον
452 1046 655 1126 προστάσσων.
697 1047 735 1110 είς
752 1045 786 1122 δὴ
803 1045 913 1107 τούτων
929 1053 987 1110 τῶν

177 1134 292 1196 παιδίων
312 1137 483 1214 συμπαίζων,
502 1134 555 1196 ἐιδν
571 1132 779 1213 Ἀρτεμβάρεος
797 1137 866 1198 παῖς
883 1131 988 1214 ἀνδρός

179 1223 295 1301 δοκίμου
308 1229 337 1285 ἐν
350 1223 485 1301 Μήδοισι,
499 1222 532 1284 ού
545 1222 601 1305 γ’ἀρ
614 1222 649 1298 δὴ
662 1223 779 1298 ἐποίησε
790 1220 824 1282 τδ
836 1246 987 1304 προσταχ-

178 1311 226 1372 θέν
238 1317 269 1371 ἐκ
280 1316 330 1372 τοῦ
344 1311 448 1390 Κύρου,
463 1311 573 1371 ἐκέλευε
585 1308 672 1370 αύτδν
684 1309 749 1372 τούς
761 1308 870 1373 ἀλλους
880 1311 987 1375 παῖδας

177 1399 336 1476 διαλαβεῖν·
355 1400 525 1475 πειθομένων
542 1398 573 1457 δέ
587 1402 644 1459 τῶν
658 1397 801 1468 παιδων,ὁ
819 1401 917 1475 Κῦρος
933 1399 988 1460 τόν
1047 1396 1049 1445 7

176 1486 264 1546 παῖδα
276 1487 399 1566 τρηχέως
411 1486 499 1564 κάρτα
510 1485 647 1563 περιέσπε
658 1485 828 1567 μαστιγέων·
844 1485 911 1558 ὅδὲ,
923 1488 1001 1548 ἐπεί
1048 1476 1049 1489 ¹

176 1599 208 1634 τε
223 1575 337 1650 μετείθη
351 1572 483 1652 τάχιστα,
497 1572 534 1637 ὥς
548 1597 583 1654 γε
600 1571 635 1649 δὴ
650 1572 750 1643 ἀνάξια
766 1576 868 1633 ἑωυτοῦ
884 1574 988 1635 παθιδν

177 1659 291 1738 μᾶλλόν
304 1687 333 1720 τι
350 1661 540 1738 περιημέκτεε,
556 1660 699 1721 κατελθιδν
716 1661 747 1720 δὲ
764 1665 792 1724 ἐς
802 1658 895 1722 πόλιν
910 1661 988 1740 πρὸς
1050 1662 1051 1665 '

176 1746 226 1811 τόν
233 1750 340 1826 πατέρα
350 1748 523 1821 ἀποικτίζετο
532 1753 589 1809 τῶν
596 1748 652 1810 ύπδ
663 1748 759 1828 Κύρου
768 1746 882 1826 ἤντησε,
890 1750 987 1831 λέγων

177 1836 210 1897 δὲ
226 1836 259 1897 ού
277 1836 380 1915 Κύρου,
397 1836 444 1917 (ού
459 1835 514 1919 γάρ
533 1863 572 1897 κω
588 1836 625 1914 ἦν
641 1841 724 1898 τοῦτο
740 1836 885 1917 τοῦνομα)
904 1837 987 1900 ἀλλά

177 1924 248 2003 πράς
260 1929 310 1985 τοῦ
323 1925 466 2002 βουκόλου
477 1929 529 1986 τοῦ
541 1923 713 2007 Ἀστυάγεος
724 1924 832 1989 παιδός·
848 1924 907 1985 ὅδὲ
917 1924 985 2005 Ἀρ-

176 2011 322 2091 τεμβάρης
336 2012 417 2095 ἀργῇ,
431 2012 467 2077 ὥς
484 2012 551 2093 εἶχε,
565 2012 655 2094 ἐλθάν
666 2012 744 2090 παρὰ
759 2012 810 2073 τάν
820 2013 986 2095 Ἀστυάγεα

178 2102 225 2162 καὶ
238 2100 297 2180 ἅμα
309 2100 444 2182 ἀγάμενος
456 2099 506 2162 τδν
517 2100 614 2172 παῖδα,
627 2098 749 2177 ἀνάρσια
760 2098 915 2181 πρήγματα
924 2104 985 2181 ἐφη

178 2190 352 2261 πεπονθέναι,
363 2190 462 2271 λέγων·
480 2188 524 2249 “οἰ
536 2190 671 2266 βασιλεῦ,
681 2186 737 2248 ύπδ
749 2192 800 2248 τοῦ
811 2192 868 2250 σοῦ
877 2188 984 2252 δούλου

178 2277 320 2354 βουκόλου
333 2278 363 2336 δὲ
375 2277 473 2341 παιδός
483 2274 536 2337 ὦδε
545 2275 797 2354 περιύβρίσμεθα,”
803 2276 922 2355 (δεικνύς
928 2283 985 2339 τοῦ

133 2367 190 2424 115
198 2364 298 2427 παιδός
310 2363 375 2427 τούς
387 2362 499 2444 ὤμους.)
538 2362 678 2427 Ἀκούσας
693 2364 724 2423 δὲ
739 2364 786 2424 καὶ
802 2363 895 2424 ίδδνά
912 2362 984 2427 ’Anu

178 2450 289 2531 τυάγης,
300 2452 390 2511 θέλων
398 2455 558 2529 τιμωρῆσαι
569 2455 608 2531 τῷ
616 2452 695 2512 παιδὶ
707 2454 790 2529 τιμῆς
797 2455 852 2529 τῆς
862 2450 984 2530 Ἀρτεμ-

177 2538 281 2616 βάρεος
294 2538 392 2610 εἶνεκα,
404 2539 598 2616 μετεπέμπετο
608 2538 659 2599 τάν
670 2564 702 2601 τε
714 2538 857 2616 βουκόλον
869 2540 917 2599 καὶ
930 2540 984 2601 τόν

178 2624 275 2685 παῖδα·
296 2626 358 2685 ἐπεί
369 2650 402 2685 τε
414 2625 444 2685 δέ
455 2630 590 2704 παρῆσαν
602 2624 767 2706 ἀμφότεροι,
779 2628 894 2706 βλέψας
907 2627 985 2706 πράς

178 2712 229 2774 τδν
244 2716 339 2791 Κῦρον
351 2712 368 2773 ἀ
382 2711 542 2796 Ἀστυάγης
558 2715 623 2791 ἐφη·
643 2714 704 2775 “σύ
717 2714 752 2790 δῆ
765 2714 817 2778 ἐῶν
826 2714 909 2775 τοῦδε
923 2740 985 2776 τοι·

179 2800 262 2861 ούτου
274 2800 366 2864 ἐόντος
377 2805 451 2873 παῖς,
462 2800 624 2881 ἐτόλμησας
634 2800 684 2863 τδν
695 2802 778 2863 τοῦδε
788 2802 876 2862 παῖδα
888 2801 985 2867 ἐόντος

177 2888 291 2968 πρύτου
309 2888 374 2968 παρ’
390 2890 454 2968 ἐμοὶ
472 2888 577 2971 ἀεικείῃ
594 2890 690 2969 τοιῇδε
707 2893 857 2967 περισπεῖν
865 2889 894 2961 ;”
912 2889 930 2950 ἀ
950 2890 984 2951 δέ

178 2977 313 3057 ἀμείβετο
327 2975 389 3039 ὧδε·
405 2977 448 3038 “ὦ
456 2978 590 3049 δέσποτα,
599 2978 653 3058 ἐγιδ
663 2978 693 3037 δέ
701 2981 791 3038 ταῦτα
799 2982 899 3038 τοῦτον
906 2978 982 3037 ἐποί·

178 3090 238 3140 ησα
250 3065 305 3126 σύν
315 3065 386 3145 δίκη·
402 3068 430 3127 οἱ
440 3063 496 3146 γάρ
506 3090 544 3141 με
553 3070 584 3124 ἐκ
592 3068 644 3140 τῆς
653 3064 747 3141 κόμης
755 3065 859 3136 παῖδες,
868 3067 925 3125 τῶν
933 3065 985 3125 καὶ

179 3151 228 3211 ὅδε
242 3151 286 3227 ἦν,
298 3154 443 3224 παίζοντες
457 3152 555 3227 σφέων
567 3150 659 3211 α’ύτῶν
671 3151 830 3228 ἐστήσαντο
842 3152 983 3229 βασιλέα·

179 3231 289 3299 ἐδόκεον
302 3238 358 3320 γάρ
373 3245 430 3316 σφι
450 3238 519 3299 εἶναι
539 3241 568 3301 ἐς
586 3241 670 3299 τοῦτο
687 3236 912 3316 ἐπιτηδεότατος.
954 3264 986 3300 οι
