2150 3500
123 129 271 194 107-110]
477 131 591 184 ΚΛΕῙΩ.
898 135 930 182 55

121 209 210 290 ἔλεγέ
222 212 249 269 οἱ
260 208 364 270 τοιάδε·
386 209 547 294 ’“Ἀρπαγε,
559 215 678 293 πρῆγμα
692 211 725 272 τό
738 211 773 273 άν
784 237 830 272 τοι
841 237 931 291 προσ-

121 297 182 358 θέω
194 298 328 374 μηδαμῶς
336 299 519 378 παραχρήσῃ·
535 301 606 378 μηδὲ
616 301 667 377 ε’μέ
677 326 709 360 τε
718 299 875 378 παραβάλῃ
885 302 932 360 καὶ

121 384 235 449 ἄλλους
254 384 385 463 ἑλόμενος
409 389 440 457 ἐξ
460 387 579 465 ὑστέρης
600 388 637 448 σι)
659 392 748 467 ἑωυτῷ
766 389 929 467 περιπέσῃς.

120 472 205 550 λάβε
216 473 266 535 τόν
278 474 415 551 Μανδάνη
426 477 501 535 ἔτεκε
513 476 609 547 παῖδα,
621 476 713 554 φέρων
723 477 753 536 δὲ
767 481 795 539 ἐς
807 481 930 536 σεωυτοῦ

122 559 300 623 ἀπόκτεινον·
321 562 393 638 μετά
411 563 448 635 δὲ,
464 563 555 642 θάψαν
570 564 664 644 τρόπῳ
681 563 749 644 ὅτεῳ
762 563 845 628 αιῖτδς
861 564 930 642 βοό-

122 649 216 710 λεαι.”
245 649 305 710 ὅδὲ
317 649 475 727 ἀμείβεται·
493 650 535 712 “03
548 654 681 728 βασιλεῦ,
696 651 761 712 οὔτε
773 651 881 712 ἄλλοτέ
892 678 930 712 κω

122 739 254 817 παρεῖδες
268 737 347 816 ἀνδρὶ
358 739 427 818 τῷδε
439 738 525 819 ἄχαρι
538 739 624 812 οὐδὲν,
635 739 848 816 φυλασσόμεθά
860 765 892 800 τε
902 745 930 803 ε’ς

123 827 161 884 σὲ
183 827 229 886 καὶ
249 831 277 889 ἐς
295 827 346 887 τόν
360 828 509 904 μετέπειτα
528 828 631 908 χρόνον
649 829 736 906 μηδὲν
756 827 929 905 ἐξαμαρτεῖν·

123 911 192 972 ἀλλ’
206 915 233 974 εἴ
246 940 291 975 τοι
305 916 393 992 φίλον
404 921 488 978 ταῦτα
501 916 573 978 οὕτω
584 917 722 997 γίνεσθαι,
734 916 791 996 χρή
804 915 839 992 δή
851 915 885 977 τό
896 941 930 998 γε

124 1001 195 1078 ε’μὸν
209 1002 413 1082 ιῖπηρετέεσθαι
432 1005 604 1083 ε’πιτηδέως.”
639 1006 772 1066 Τούτοισι
792 1004 910 1084 ἀμειψά-
920 1007 976 1065 109

123 1114 209 1166 μενος
221 1090 238 1151 ό
248 1090 402 1174 Ἅρπαγος,
417 1092 453 1156 ὥς
469 1097 496 1154 οἱ
508 1093 650 1171 παρεδόθη
662 1094 696 1154 τό
709 1094 821 1154 παιδίον
832 1119 930 1171 κεκοσ-

123 1179 250 1255 μημένον
271 1179 324 1256 τήν
343 1182 390 1240 ἐπὶ
414 1181 522 1262 θανάτῳ
545 1180 589 1258 ήῖε
613 1184 717 1243 κλαίων
737 1187 765 1245 ε’ς
785 1181 823 1242 τοὶ
846 1182 929 1241 οἰκία.

124 1266 275 1344 παρελθεῖν
294 1269 324 1328 δὲ
345 1269 449 1346 ἔφραζε
467 1274 504 1348 τῇ
524 1274 626 1330 ἑωυτοῦ
644 1271 755 1352 γυναικὶ
773 1269 824 1330 τόν
838 1269 931 1336 πάντα

123 1351 297 1438 Ἀστυάγεος
313 1358 441 1434 ῥηθένταΙ
452 1357 549 1440 λόγον,
565 1358 585 1434 ἡ
603 1359 634 1418 δὲ
650 1357 721 1435 πρδς
739 1356 823 1417 αὐτόν
841 1358 928 1438 λέγει·

125 1446 196 1502 “νιῖν
209 1442 247 1504 ὧν
258 1445 289 1504 τί
300 1470 349 1505 σοι
362 1450 392 1506 ἐν
404 1444 457 1526 νόῳ
469 1447 531 1507 ε’στὶ
543 1447 647 1506 ποιέειν
657 1445 684 1515 ;”
700 1445 757 1506 ὅδὲ
770 1444 928 1522 ἀμείβεται·

125 1528 230 1610 “οὖκῇ
244 1533 405 1593 ε’νετέλλετο
417 1533 587 1616 Ἀστυάγης·
608 1533 665 1594 οὐδ’
678 1537 703 1594 εἰ
714 1532 930 1612 παραφρονήσει

124 1641 157 1677 τε
175 1620 222 1701 καὶ
238 1623 367 1697 μανεῖται
386 1621 482 1682 κάκιον
499 1621 518 1700 ἢ
536 1627 586 1684 νῦν
601 1623 736 1700 μαίνεται,
751 1621 784 1682 οὕ
800 1624 827 1681 οἱ
844 1621 930 1703 ἔγωγε

124 1707 329 1788 προσθήσομαι
352 1713 389 1789 τῇ
415 1708 520 1792 γνάμη,
545 1709 609 1771 οὐδὲ
635 1714 663 1774 ἐς
690 1709 778 1787 φόνον
803 1713 930 1771 τοιοῦτον

124 1793 302 1873 ὖτηρετήσω.
334 1802 452 1859 πολλῶν
465 1799 495 1859 δὲ
508 1800 599 1859 εἵνεκα
615 1799 648 1860 οό
661 1798 790 1876 φονεύσω
803 1823 861 1875 μιν·
882 1800 929 1857 καὶ

124 1880 170 1943 δτι
182 1883 255 1965 αὐτῷ
267 1911 318 1963 μοι
330 1886 468 1969 συγγενής
482 1887 588 1949 ε’στινά
605 1892 679 1959 ταῖς,
693 1888 740 1947 καὶ
753 1886 797 1948 ὅτι
808 1885 938 1947 Ἀστυάῗ

124 1995 177 2052 γης
192 1974 244 2050 μέν
261 1978 324 2034 ε’στι
340 1974 429 2056 γέρων
445 1976 492 2035 καὶ
510 1974 595 2039 άπαις
614 1978 726 2055 ἔρσενος
739 1973 836 2057 γόνου·
857 1978 882 2033 εἶ
898 1975 928 2053 δὲ

126 2059 250 2135 θελήσει,
273 2060 374 2123 τούτου
398 2063 629 2140 τελευτήσαντος,
656 2069 685 2126 ἐς
709 2061 762 2139 τήν
789 2062 928 2143 θυγατέρα

124 2147 227 2225 ταύτην
240 2148 381 2226 ἀναβῆναι
395 2150 415 2227 ή
430 2152 565 2230 τυραννὶς,
578 2151 613 2228 ἦς
627 2154 678 2212 νῦν
689 2151 740 2211 τόν
753 2148 814 2210 υἶδν
829 2151 928 2209 κτείνει

125 2234 159 2295 δι’
168 2240 242 2313 ἐμαῖ,
250 2236 326 2298 άλλο
338 2239 370 2299 τί
375 2236 395 2315 ἦ
404 2240 532 2299 λείπεται
543 2240 576 2300 τδ
590 2241 714 2301 ε’νθεῢτεν
725 2238 787 2316 ἐμοὶ
800 2235 929 2297 κινδύνων

125 2322 141 2383 ό
153 2325 306 2406 μέγιστος;
327 2326 405 2394 ἀλλά
416 2332 468 2387 τοῦ
481 2331 533 2405 μὲν
546 2326 694 2405 ἀσφαλέος
708 2328 798 2387 εἵνεκα
811 2326 874 2403 ε’μοὶ
887 2326 930 2385 δεῖ

124 2416 224 2473 τοῦτον
232 2418 366 2475 τελευτάν
377 2410 428 2477 τόν
440 2416 537 2476 παῖδα·
557 2417 600 2476 δεῖ
609 2416 706 2493 μέντοι
718 2420 773 2476 τῶν
785 2412 848 2475 τινά
859 2413 928 2474 Ἀσ-

124 2498 240 2582 τυάγεος
257 2501 343 2563 αὐτοῦ
361 2504 451 2580 φονέα
467 2505 608 2587 γενέσθαι,
628 2506 675 2564 καὶ
694 2503 734 2583 μή
754 2508 810 2568 ταῖν
829 2501 927 2581 ἔμιῖν.”

125 2593 220 2648 Ταῦτα
242 2590 311 2662 εἶπε,
331 2593 378 2652 καὶ
397 2591 497 2653 αὐτίκα
516 2593 640 2677 ἄγγελον
660 2594 767 2672 ἔπεμπε
787 2593 833 2653 ἐπὶ
852 2593 976 2652 τοῖν110

124 2677 272 2754 βουκόλων
294 2684 350 2742 τοῖν
369 2678 542 2765 Ἀστυάγεος
560 2682 609 2743 τόν
629 2681 770 2761 ἠπίστατο
789 2680 877 2760 νομάς
895 2704 928 2740 τε

125 2766 342 2842 ἐπιτηδεοτάτας
356 2770 539 2847 νέμοντακαὶ
555 2770 638 2850 οὔρεα
650 2771 867 2850 θηριωδέστατα·
887 2771 927 2846 τῷ

125 2851 231 2932 οὔνομα
244 2854 281 2930 ἧν
296 2857 485 2936 Μιτραδάτης,
499 2860 626 2920 συνοίκεε
643 2858 673 2919 δὲ
689 2863 727 2937 τῇ
744 2860 844 2916 ἑωυτοῦ
861 2880 927 2914 συν·

124 2939 224 3023 δούλῳ·
245 2942 350 3021 οὔνομα
366 2946 397 3005 δὲ
411 2950 448 3025 τῇ
463 2948 574 3027 γυναικὶ
591 2945 626 3021 ἦν
640 2950 678 3024 τῇ
696 2944 823 3005 συνοίκεε
842 2939 926 3001 Κυνιῖ

125 3030 195 3090 κατά
206 3029 259 3108 τήν
271 3031 416 3108 Ἑλλήνων
427 3038 576 3115 γλαῖσσαν,
591 3032 662 3092 κατά
678 3032 708 3089 δὲ
722 3030 774 3107 τήν
786 3027 925 3105 Μηδικήν,

125 3118 237 3181 Σπακιό·
256 3117 309 3195 τήν
323 3120 380 3200 γοῖρ
396 3120 465 3180 κόνα
484 3120 619 3180 καλέουσι
635 3116 734 3178 σπάκα
751 3116 857 3191 Μῆδοι.
897 3117 928 3173 αἶ

127 3204 155 3265 δὲ
166 3204 291 3284 άπάρεαί
302 3211 358 3267 εἰσι
368 3212 425 3269 τοῖν
435 3208 537 3286 οόρέων
548 3208 614 3267 ἔνθα
622 3206 674 3269 τοὶς
685 3203 773 3282 νομάς
783 3207 839 3263 ταῖν
848 3203 927 3279 βοῶν

127 3290 183 3371 εἶχε
195 3290 277 3358 οὗτος
288 3292 323 3370 δή
336 3294 353 3355 ό
364 3295 514 3373 βουκόλος,
524 3293 596 3372 πρός
607 3293 700 3371 βορέω
712 3317 744 3352 τε
756 3289 860 3368 ἀνέμου
871 3292 927 3349 ταῖν
