2150 3500
180 84 229 133 ιιι
486 84 670 135 Ἦνοιουου
914 82 983 149 [m
1051 67 1053 70 ’

178 162 343 242 γενομένους
367 162 440 223 οὕτω
463 162 502 239 δή
528 162 593 227 τούς
621 160 766 226 σκύλακας
794 165 985 240 ἐπικρατήσω

178 253 230 309 τοῦ
243 248 377 327 σκύμνου·
398 250 445 310 καὶ
461 249 511 312 τόν
527 252 581 327 μὲν
600 248 765 327 Καμβύσεα
781 247 908 324 ἥδεσθαι
920 251 985 311 θεό-

179 361 272 413 μενον,
290 336 344 413 τήν
364 337 395 397 δὲ
413 338 575 415 παρημένην
598 337 733 415 δακρύειν·
763 336 937 414 Καμβύσεα
956 338 986 398 δὲ
1051 349 1053 358 “

178 423 306 500 μαθόντα
325 428 417 497 τοῦτο,
438 425 600 502 ἐπείρεσθαι
619 424 689 485 διότι
715 424 847 501 δακρύει;
883 424 938 502 τήν
957 426 986 485 δὲ

181 514 274 584 εἰπεῖν,
289 510 325 576 οἷς
339 513 438 573 ἰδοῦσα
450 511 501 573 τόν
518 512 649 573 σκύλακα
660 516 700 592 τῷ
716 510 849 591 ἀδελφεῷ
865 514 985 590 τηιωρή

181 624 271 660 σαντα
284 599 437 677 δακρύσειε,
450 600 612 676 μνησθεῖσά
623 625 655 660 τε
668 599 805 677 Σμέρδιος
816 600 868 659 καὶ
878 602 986 678 μαθοῦ-

181 713 222 746 σα
235 687 270 751 οἷς
283 690 361 767 κείνῳ
374 686 424 748 ούκ
438 690 481 764 εἴη
494 688 511 749 6
523 687 697 766 τιμωρήσων.
727 687 874 764 Ἕλληνες
884 688 985 765 μὲνδὴ

179 773 227 833 διά
239 778 323 835 τοῦτο
335 774 368 835 τό
382 777 448 841 ἔπος
465 777 540 853 φασὶ
556 774 643 851 αύτήν
657 775 820 837 ἀπολέσθαι
831 775 892 837 όπό
904 782 985 853 Καμ-

179 860 286 937 βύσεω·
320 863 469 943 Αἰγύπτιοι
492 864 530 934 δὲ,
551 862 588 929 οἷς
606 864 729 942 τραπέζῃ
747 865 985 941 περικατημένων,

180 951 332 1026 λαβοῦσαν
350 952 467 1027 θρίδακα
485 950 539 1027 τήν
556 955 840 1032 γυναῖκαπεριτῖλαι,
856 952 905 1011 καὶ
921 958 986 1013 ἐπα·

183 1038 324 1114 νείρεσθαι
336 1037 387 1099 τόν
399 1037 486 1115 ἄνδρα
499 1038 614 1117 κότερον
626 1039 838 1148 περιτετιλμένη
851 1038 872 1115 ἢ
885 1040 986 1100 δασεῖα

181 1149 200 1201 η
192 1123 371 1203 ’θρίδαξ’”
326 1152 411 1187 εουσα
426 1128 467 1203 εἴη
478 1128 614 1237 καλλίων;
629 1128 675 1187 καὶ
685 1127 736 1189 τόν
748 1128 844 1237 φάναι,
856 1128 986 1189 δασεῖαν·
1051 1165 1053 1170 ·

181 1211 233 1289 τήν
253 1214 318 1273 δ’
295 1218 379 1275 ειπεῖν
395 1215 518 1291 “ταύτην
537 1215 634 1292 μέντοι
652 1216 716 1276 κοτὲ
732 1240 772 1275 συ
791 1239 844 1291 την
866 1216 987 1292 θρίδακα

762 1300 771 1321 Ι
835 1300 852 1321 Β
907 1303 916 1324 ἱ

183 1302 332 1379 ἐμιμήσαο,
355 1301 405 1364 τόν
423 1301 572 1380 Κύρου’
542 1328 619 1363 οικον
639 1301 835 1381 άποψιλωσας·
881 1328 935 1364 τον
957 1305 987 1363 δέ
1051 1305 1053 1314 '

184 1390 345 1466 θυμωθέντα
366 1389 578 1467 ἐμπηδῆσαι
542 1394 614 1469 αυτῇ
629 1390 734 1470 ἐχούσῃ
756 1394 786 1449 ἐν
804 1391 922 1472 γαστρὶ,
941 1393 989 1451 καί
1043 1386 1053 1438 s

181 1502 230 1553 μιν
243 1478 424 1555 ἐκτρώσασαν
436 1476 597 1543 α’ποθανεῖν.

136 1565 173 1623 33
224 1567 363 1625 Ταῦτα
330 1591 381 1642 μεν
395 1570 423 1630 ες
435 1591 499 1629 τους
515 1564 841 1643 οικηιουςοΚαμβυσης
853 1565 986 1645 εξεμανη,

184 1652 238 1709 εἴτε
259 1651 293 1727 δή
311 1651 408 1711 διαὶ
374 1678 425 1713 τον
439 1651 580 1724 ΗΑπιν,
555 1678 610 1714 ειτε
631 1679 677 1712 και
666 1651 845 1726 άλλως,
816 1680 865 1714 οια
883 1656 986 1715 πολλά
1051 1659 1053 1686 ²

183 1736 263 1799 ἐύθεε
276 1737 437 1817 ἀνθρώπους
449 1740 521 1801 κακοὶ
534 1740 771 1819 καταλαμβάνειν·
791 1742 839 1802 καὶ
850 1742 908 1824 γάρ
922 1771 987 1805 τινα

183 1826 229 1884 καὶ
243 1831 273 1886 ἐκ
285 1833 381 1908 γενεῆς
393 1832 497 1890 νοῦσον
511 1829 640 1911 μεγάλην
657 1828 771 1911 λέγεται
784 1831 858 1910 ἔχειν
870 1830 889 1892 6
901 1837 986 1909 Καμ-
1051 1876 1053 1893 .

182 1913 287 2027 βύσης,
312 1915 375 1992 τήν,
392 1915 454 2028 ἱρήν
479 1915 668 1994 οὖνομόζουσί
690 1942 771 1982 τινες·
805 1917 840 1978 ού
865 1918 916 1979 νύν
941 1946 987 1981 τοι

184 1999 272 2067 άεικὲς
293 2002 408 2064 οὐδέν’
389 2031 433 2080 ην,
446 2008 497 2065 τοῦ
517 2004 649 2082 στόματος
668 2009 771 2066 νοῦσον
790 2006 921 2087 μεγάλην
942 2035 986 2068 νο-

137 2091 305 2163 34σέοντος,
331 2093 402 2172 μηδὲ
426 2092 477 2156 τοὶς
502 2092 650 2170 φρενας“
631 2094 774 2174 υγιαίνειν.
814 2093 889 2154 Τάδε
910 2095 973 2155 δ’
960 2122 987 2160 ες

184 2204 249 2243 τους
268 2179 373 2246 ἄλλους
393 2182 508 2259 Πέρσας
529 2180 656 2258 ἐξεμάνη·
687 2181 856 2263 λέγεται
819 2209 876 2262 γαρ
897 2187 987 2244 εἰπεῖν

183 2265 268 2328 αὐτόν
285 2267 356 2346 πρός
372 2268 609 2346 Πρηξάσπεα,
575 2294 626 2329 τον
646 2268 728 2346 ἐτίμα
744 2294 775 2332 τε
789 2269 923 2346 μάλιστα
940 2273 988 2331 καί

183 2355 211 2412 οἱ
233 2353 282 2418 τοὶς
304 2355 437 2435 ἀγγελίας
461 2356 561 2432 ἐφόρεε
587 2354 675 2427 οὗτος,
699 2357 799 2419 τούτου
820 2383 854 2418 τε
877 2357 895 2418 6
918 2365 986 2424 ταῖς

185 2441 309 2518 οἰνοχόος
330 2441 365 2552 ήν
387 2447 425 2522 τῷ
447 2444 606 2524 Καμβύσῃ·
639 2443 706 2521 τιμή
733 2445 763 2504 δὲ
789 2446 837 2504 καὶ
859 2445 933 2523 αὕτη
954 2447 986 2508 ού

101 2525 103 2528 ’
183 2527 299 2605 σμικρή·
320 2532 406 2590 εἰπεῖν
420 2531 449 2589 δέ
462 2532 576 2610 λέγεται
589 2531 664 2593 τάδε·
685 2543 704 2568 “
725 2533 793 2610 Ι,μή
782 2533 987 2603 ασπες,κοῖόν
1051 2558 1053 2587 ῑ

186 2615 224 2692 με’
241 2639 303 2676 τινα
322 2618 467 2693 νομίζουσι
487 2619 650 2696 Πέρσαι’
623 2645 693 2680 ειναι
718 2619 821 2697 άνδρα;
855 2623 936 2686 τίνας
955 2651 986 2684 τε

184 2702 287 2784 λόγους
308 2705 372 2782 περὶ
395 2705 461 2782 ἐμέο
484 2711 626 2768 ποιεῦνται
635 2707 659 2778 ;”
689 2707 739 2769 τόν
760 2708 791 2767 δὲ
812 2712 909 2769 εἰπεῖν·
942 2712 987 2771 “6

185 2792 316 2862 δέσποτα,
335 2792 371 2854 vd
387 2797 440 2871 μὲν
457 2793 540 2854 ἄλλα
549 2795 641 2856 πάντα
655 2794 784 2876 μεγάλως
803 2797 936 2868 ἐπαινέαι,
950 2803 987 2877 τῇ
1051 2870 1053 2877 Ι

182 2878 215 2936 ,δὲ
238 2881 364 2958 φιλοινίῃ
384 2881 421 2941 σέ
439 2888 514 2956 φασι
533 2882 657 2945 πλεόνως
671 2883 895 2959 .προσκέεσθαι.”
934 2886 986 2946 τόν
1051 2881 1053 2887 ’

183 2966 236 3038 μὲν
256 2964 289 3040 δή
309 2968 402 3046 λέγειν
420 2972 509 3027 ταῦτα
528 2969 593 3044 περὶ
608 2971 752 3046 Περσέων·
778 2971 828 3031 τόν
842 2971 873 3030 δὲ
893 2972 985 3048 θυμω·

184 3050 267 3108 θέντα
279 3053 372 3110 τοιάδε
384 3053 564 3128 ἀμείβεσθαι·
585 3058 655 3113 “νῧν
667 3053 723 3131 ἄρα
734 3057 773 3132 μέ
785 3063 860 3132 φασι
870 3059 986 3133 Πέρσαι

183 3133 246 3211 οἴνῳ
275 3141 477 3213 προσκείμενον
507 3141 720 3215 παραφρονέειν,
752 3143 799 3202 καὶ
832 3143 885 3202 οὐκ
914 3147 986 3207 εἶναι

182 3218 323 3292 νοήμονα,
344 3222 401 3282 οὐδ’
421 3221 476 3300 ἄρα
493 3224 591 3298 σφέων
607 3229 634 3284 οἱ
651 3227 785 3305 πρότεροι
802 3229 888 3308 λόγοι
906 3231 985 3307 ἦσαν
