2150 3500
118 98 230 163 ιτα-αι]
462 100 596 151 emm.
873 102 920 155 ιιι

117 176 223 247 κόσιοι,
240 176 359 255 έκάστης
378 178 483 256 ἡμέρης
502 178 540 242 εἶς
557 177 710 261 γινόμενος,
729 179 775 239 καὶ
794 178 921 240 τάλαντα

117 263 252 345 ἀργυρίου
267 265 449 326 πεντακόσια·
470 260 575 326 τούτων
587 266 796 344 τεσσεράκοντα
810 269 862 344 μὲν
874 268 921 327 καὶ

118 352 218 413 ἑκατόν
248 358 275 417 ἔς
300 353 352 429 τὴν
378 354 573 431 φρουρέουσαν
601 354 687 414 ἵππον
712 353 764 429 τὴν
790 355 921 430 Κιλικίην

115 438 212 518 χώρην
232 440 423 519 ἀναισιμοῦτο,
444 441 480 501 ταὶ
502 442 532 501 δὲ
551 440 699 517 τριηκόσεα
720 441 766 500 καὶ
787 440 920 516 ἑξήκοντα

117 528 228 606 Δαρείῳ
252 529 362 604 ἐφοίτα·
392 528 478 605 νομός
503 528 634 605 τέταρτος
660 526 749 592 οὗτος.
790 527 863 588 Ἀπδ
890 529 964 589 δὲ91

117 608 290 685 Ποσειδηίου
310 609 418 679 πόλιος,
440 609 492 685 τήν
514 607 695 688 Ἀμφίλοχος
717 608 733 669 ὁ
756 607 919 686 Ἀμφιάρεω

117 694 208 754 οἴκισε
222 695 264 755 ἐπ’
278 694 387 773 οὔροισι
400 700 477 756 τοῖσι
490 697 616 756 Κιλίκων
628 722 659 756 τε
675 696 722 755 καὶ
739 695 841 773 Σύρων,
855 696 918 772 dp}-

115 781 220 859 άμενον
240 782 297 843 άπδ
318 783 420 860 ταύτης
441 785 526 863 μέχρι
549 784 701 866 Αἰγύπτου,
723 783 800 858 πλὴν
818 784 918 861 μοίρης

114 873 167 945 τῆς
186 869 335 949 Ἀραβίων,
355 872 455 952 (ταῦτα
473 871 528 953 γαὶρ
549 870 584 947 ἦν
604 870 727 951 ἀτελέα)
745 870 918 947 πεντήκοντα

115 956 163 1015 καὶ
183 958 332 1036 τριηκόσια
352 959 479 1019 τάλαντα
500 958 589 1037 φόρος
609 958 653 1034 ἦν.
695 960 756 1018 ἔστι
777 959 807 1018 δὲ
831 965 860 1019 έν
878 964 918 1039 τῷ

114 1048 191 1124 νομῷ
202 1045 290 1125 τούτῳ
304 1046 417 1123 Φοινίκη
432 1073 464 1107 πε
480 1051 562 1107 παῖσα
581 1048 627 1105 καὶ
645 1047 732 1123 Συρίη
747 1046 767 1123 ἦ
784 1051 916 1107 Παλαισ-

113 1134 177 1209 τίνη
190 1135 354 1211 καλεομένη,
368 1134 414 1193 καὶ
433 1133 558 1212 Κύπρος·
579 1133 664 1212 νομός
681 1135 807 1209 πέμπτος
825 1132 915 1198 οὗτος.

113 1219 163 1279 ἀπ’
183 1221 326 1303 Αἰγύπτου
350 1222 388 1292 δὲ,
410 1223 456 1281 καὶ
476 1220 592 1297 Λιβύων
610 1226 666 1281 τῶν
684 1222 847 1299 προσεχέων
866 1226 915 1281 Αἶ-

112 1308 219 1390 γύπτῳ,
242 1309 288 1369 καὶ
310 1308 441 1387 Κυρήνης
461 1335 493 1369 τε
513 1309 561 1368 καὶ
581 1308 701 1387 Βάρκης,
724 1309 763 1386 (ἐς
784 1308 840 1388 γάρ
864 1308 916 1369 τδν

113 1395 269 1477 Αἰγύπτιον
298 1396 386 1473 νομόν
413 1394 496 1456 αὗται
525 1393 733 1474 ε’κεκοσμέατο,)
761 1396 923 1471 ἑπτακόσιαγ

111 1483 234 1561 προσήῖε
248 1483 381 1554 τάλαντα,
395 1484 485 1561 πάρεξ
497 1488 549 1543 τοῦ
562 1488 592 1544 έκ
609 1488 660 1560 τῆς
678 1483 798 1560 Μοίριος
813 1484 914 1560 λίμνης

111 1572 259 1653 γινομένου
266 1571 406 1655 αἷργυρίου,
414 1572 448 1632 vd
459 1573 565 1654 ἐγίνετο
576 1577 607 1632 έκ
616 1575 672 1631 τῶν
682 1570 793 1650 ἰχθύων.
812 1570 913 1632 τούτου

110 1684 145 1719 τε
161 1658 196 1736 δὴ
215 1661 300 1740 χωρὶς
319 1663 370 1720 τοῦ
390 1659 522 1745 ἀργυρίου
544 1661 659 1719 καὶτοῦ
680 1660 913 1736 ἐπιμετρουμένου

111 1749 195 1810 σίτου
213 1749 334 1826 προσήῖε
358 1749 516 1810 ἑπτακόσια1
535 1748 670 1809 τάλαντα·
696 1746 767 1825 πρδς
787 1746 843 1829 γάρ
864 1749 913 1808 δύο

111 1837 161 1896 καὶ
180 1837 247 1896 δέκα
266 1836 385 1914 μυριάσι
404 1838 539 1915 Περσέων
558 1862 590 1897 τε
610 1840 687 1896 τοῖσι
708 1841 738 1896 έν
756 1845 795 1919 τῷ
818 1844 914 1918 Λευκῷ

110 1924 200 2005 τείχεϊ
216 1929 254 2004 τῷ
273 1931 302 1985 έν
318 1925 423 2003 Μέμφι
440 1925 666 2001 κατοικημένοισι
684 1923 910 2000 καταμετρέουσι,

111 2013 160 2072 καὶ
178 2017 256 2073 τοῖσι
275 2013 378 2074 τούτων
399 2012 582 2091 ἐπικούροισι·
610 2011 695 2088 νομός
719 2012 796 2073 ἕκτος
820 2007 909 2073 οὗτος.

111 2100 289 2182 Σατταγύδαι
308 2102 345 2172 δὲ,
364 2102 412 2161 καὶ
429 2099 587 2177 Γανδάριοι,
608 2100 655 2158 καὶ
676 2099 795 2156 Δαδίκαι
813 2122 845 2157 τε
865 2099 910 2156 καὶ

110 2188 274 2266 Ἀπαρύται,
296 2194 323 2260 ε’,ς
344 2187 433 2250 τάῦτὸ
456 2187 628 2269 τεταγμένοι,
650 2184 844 2262 ἑβδομήκοντα
865 2184 911 2243 καὶ

111 2278 210 2338 ἑκατόν
224 2278 349 2338 τάλαντα
367 2276 556 2354 προσέφερον·
577 2273 663 2351 νομός
681 2269 762 2335 οὗτος
779 2271 909 2348 ἕβδομος.

110 2365 168 2426 άπδ
192 2365 308 2430 Σούσων
334 2366 371 2438 δὲ,
396 2364 443 2424 καὶ
465 2367 516 2438 τῆς
539 2361 631 2437 άλλης
656 2360 788 2421 Κισσίων
809 2359 910 2439 χάρης,

109 2451 268 2530 τριηκόσια·
292 2451 376 2529 νομός
396 2451 493 2531 ὄγδοος
513 2448 604 2514 οὗτος.
644 2449 718 2510 Ἀπδ
739 2449 958 2526 Βαβυλῶνος92

110 2541 149 2610 δὲ,
164 2542 211 2600 καὶ
225 2545 275 2617 τῆς
290 2543 393 2616 λοιπῆς
407 2538 570 2616 Ἀσσυρίης,
583 2538 665 2617 χίλιά
682 2541 710 2599 οἱ
725 2537 845 2615 προσήϊε
863 2536 910 2596 τά·

110 2633 202 2689 λαντα
224 2625 364 2709 άργυρίου,
387 2628 434 2686 καὶ
455 2626 552 2689 παῖδες
574 2627 700 2704 ἐκτομίαι
721 2624 910 2686 πεντακόσιοι·

110 2715 197 2794 νομός
217 2716 321 2780 εἴνατος
342 2712 432 2778 οὗτος.
466 2713 522 2775 α’πό
543 2714 574 2773 δὲ
590 2713 775 2795 Ἀγβατάνων
795 2713 842 2772 καὶ
860 2711 911 2787 τῆς

109 2807 213 2880 λοιπῆς
233 2803 370 2880 Μηδικῆς,
394 2802 440 2862 καὶ
463 2802 649 2878 Παρικανίων,
674 2801 721 2860 καὶ
743 2800 910 2877 Ὀρθοκορυ-

108 2892 240 2968 βαντίων,
263 2884 436 2966 πεντήκοντά
458 2915 489 2950 τε
512 2889 559 2948 καὶ
584 2887 753 2966 τετρακόσια
773 2886 909 2947 τάλαντα·

109 2978 195 3055 νομδς
217 2978 331 3042 δέκατος
354 2975 444 3040 οὗτος.
485 2975 614 3036 Κάσπιοι
638 2976 668 3036 δὲ
688 2975 736 3036 καὶ
756 2973 909 3044 Παυσίκαι,

109 3066 290 3144 Παντίμαθοί
299 3091 331 3125 τε
348 3064 395 3124 καὶ
408 3068 550 3144 Δαρεῖται,
565 3069 593 3127 ές
607 3061 696 3124 τιύυτδ
709 3061 910 3139 συμφέροντες,

109 3153 238 3230 διηκόσια
250 3153 377 3213 τάλαντα
390 3151 549 3233 ἀπαγίνεον·
570 3151 655 3228 νομὸς
668 3149 809 3211 ἑνδέκατος
822 3147 909 3210 οὗτος.

108 3239 166 3300 άπδ
189 3244 368 3320 Βακτριανῶν
392 3238 422 3296 δὲ
447 3239 531 3316 μέχρι
558 3241 679 3314 Αἰγλῶν,
703 3237 836 3310 ἑξήκοντα
865 3235 911 3292 καὶ
