2150 3500
95 128 225 194 ιιι-98]·
390 131 616 182 mmmmm.
851 133 898 184 319

138 210 257 284 Δαρεῖος
282 206 313 267 δὲ
339 207 375 273 ώς
400 207 517 268 α’πίκετο
544 209 590 268 καὶ
610 208 628 269 ό
649 209 732 280 πεζός
753 208 801 286 ἅμ’
823 208 896 288 αὐτῷ
905 212 942 274 97

94 294 218 372 στρατός
231 295 277 353 ε’πὶ
289 294 340 356 τόν
346 293 470 372 Ἴστρον,
485 297 604 357 ἑνθαΰτα
617 295 775 372 διαβάντων
788 296 898 360 πάντων

96 386 216 459 Δαρεῖος
230 383 361 441 ἐκέλευσε
373 382 438 446 τούς
445 382 544 447 Ἴωνας
563 383 615 459 τὴν
628 383 744 460 σχεδίην
757 383 899 448 λύσαντας
969 386 972 392 ’

94 469 215 530 ἔπεσθαι
234 469 294 530 κατ’
313 468 429 548 ἤπειρον
449 473 540 550 ἑωυτῷ
559 470 605 529 καὶ
630 469 681 531 τόν
705 475 736 529 ε’κ
755 471 811 530 τών
831 475 898 532 νεών

93 557 229 634 στρατόν·
248 557 410 635 μελλόντων
423 559 454 618 δὲ
463 561 519 618 τῶν
531 558 630 618 Ἰώνων
643 557 721 618 λύειν
734 559 781 618 καὶ
794 560 897 620 ποιέειν

92 644 131 704 ταὶ
152 645 329 723 κελευόμενα,
346 645 431 723 Κώης
448 644 465 706 ό
480 645 658 723 Ἐρξάνδρου,
673 646 831 728 στρατηγός
844 646 896 708 ε’ών

92 734 300 809 Μυτιληναίων,
322 734 400 804 ἔλεξε
421 735 531 814 Δαρείῳ
554 733 627 804 τάδε,
649 733 806 812 πυθόμενος
827 734 894 813 πρό-

91 844 175 896 τερον
189 821 214 878 εἴ
227 823 254 880 οἶ
266 821 354 896 φίλον
371 822 413 896 εἴη
425 821 539 901 γνώμην
551 819 738 882 ἀποδέκεσθαι
751 822 829 898 παραὶ
844 825 896 882 τοῦ

91 908 272 984 βουλομένου
292 907 517 969 ἀποδείκνυσθαι·
553 907 601 968 “ὦ
620 909 754 984 βασιλεῦ,
776 911 822 968 ἐπὶ
841 914 896 990 γῆν

91 993 149 1074 γάρ
182 996 297 1071 μέλλεις
323 995 526 1074 στρατεύεσθαι
557 998 608 1070 τῆς
635 994 698 1055 αύτε
724 995 895 1074 α’ρηρομένον

92 1082 253 1158 φανήσεται
272 1081 350 1142 οὐδὲν
370 1081 433 1142 οὔτε
452 1082 536 1145 πόλις
555 1083 707 1159 οἰκεομένη,
726 1084 763 1142 σύ
782 1088 831 1144 νῦν
848 1085 893 1166 γέ-

92 1174 187 1246 φυραν
212 1169 317 1252 ταύτην
336 1170 369 1229 ἔα
388 1168 459 1229 κατά
485 1168 579 1249 χώρην
603 1168 725 1240 ἑστάναι,
751 1170 894 1246 φυλάκους

91 1249 179 1332 αὐτῆς
194 1260 285 1317 λιπών
300 1256 414 1321 τούτους
430 1257 460 1317 οἶ
472 1282 525 1333 περ
541 1281 591 1334 μιν
607 1256 725 1328 ἔζευξαν·
749 1259 795 1316 καὶ
810 1258 846 1334 ἦν
861 1284 892 1319 τε

91 1345 165 1404 κατά
185 1345 250 1406 νόον
270 1344 418 1424 πρήξωμεν
439 1343 563 1422 εὑρόντες
584 1344 692 1410 Σκύθας
708 1345 769 1406 ἔστι
790 1345 893 1411 ἄποδας

91 1430 169 1508 ἡμῖν,
189 1432 225 1508 ἥν
243 1457 275 1493 τε
292 1434 339 1492 καὶ
357 1434 398 1510 μή
416 1439 508 1510 σφεας
532 1431 622 1510 εὖρεῖν
643 1432 800 1510 δυνεώμεθα
821 1433 894 1516 ἥγε

90 1519 197 1584 ἄποδος
208 1519 277 1597 η’μῖν
292 1520 437 1598 ἀσφαλής·
458 1520 491 1581 ού
509 1520 564 1602 γάρ
578 1518 671 1580 ἔδεισά
689 1547 727 1580 κω
746 1521 787 1598 μη
805 1525 893 1582 έσσω-
917 1590 919 1594 ⁴

91 1609 199 1685 θέωμεν
221 1609 276 1668 ύπό
299 1610 427 1673 Σκυθέων
446 1609 535 1689 μάχῃ,
560 1607 637 1668 ἀλλὰ
660 1612 774 1685 μᾶλλον
796 1609 837 1686 μή
860 1609 892 1670 ού

90 1695 242 1773 δυνάμενοί
251 1702 344 1774 σφεας
360 1696 449 1775 εόρεῖν
460 1697 593 1775 πάθωμέν
609 1722 639 1757 τι
656 1695 804 1776 ἀλώμενοι.
845 1699 892 1759 καὶ

89 1783 158 1843 τάδε
170 1785 265 1865 λέγειν
278 1785 349 1861 φαίη
362 1810 405 1849 τις
422 1784 456 1845 όν
468 1810 505 1861 με
518 1788 619 1845 ἑωυτοῦ
638 1786 747 1858 εἵνεκεν,
762 1787 798 1851 ώς
810 1812 893 1847 κατα·

89 1872 174 1948 μένω·
195 1872 249 1954 ἐγώ
263 1873 293 1932 δὲ
305 1872 418 1954 γνώμην
430 1876 482 1949 μὲν
494 1873 547 1948 τήν
560 1866 689 1949 εὕρισκον
701 1873 820 1951 οἷρίατην
833 1899 890 1945 σοι,

88 1960 226 2035 βασιλεῦ,
239 1964 267 2023 ές
286 1962 376 2036 μέσον
393 1962 479 2037 φέρω·
504 1960 587 2023 αύτός
601 1961 696 2035 μέντοι
715 1962 821 2039 ἕψομαί
838 1988 890 2032 τοι,

89 2046 139 2105 καὶ
159 2046 210 2108 ούκ
229 2046 264 2107 ἂν
283 2046 455 2124 λειφθείην.”
497 2046 585 2124 κάρτα
601 2072 633 2105 τε
650 2046 728 2122 ἥσθη
745 2048 891 2129 τῇγνώμη
962 2078 965 2083 “

89 2136 226 2212 Δαρεῖος,
240 2136 290 2196 καί
303 2161 352 2211 μιν
367 2134 508 2213 ἠμείψατο
527 2132 634 2194 τοῖσδε·
657 2142 674 2168 “
683 2134 754 2203 ξεῖνε
770 2137 890 2209 Λέσβιε,

89 2224 230 2287 σωθέντος
246 2227 312 2301 ε’μεΐ
332 2222 424 2284 όπίσω
444 2228 472 2287 ἐς
491 2222 568 2283 οἶκον
587 2221 637 2283 τόν
654 2220 721 2298 ε’μόν
741 2223 895 2299 ἐπιφάνηθί

88 2336 140 2387 μοι
158 2310 276 2381 πάντως,
292 2310 339 2370 ἵνα
354 2337 390 2371 σε
406 2310 468 2370 ἀντὶ
485 2312 614 2389 χρηστῆς
630 2310 809 2387 συμβουλίης
824 2336 892 2391 χρη-

89 2401 189 2459 στοῖσι
203 2400 311 2479 ἔργοισι
327 2398 512 2477 άμείψωμαι.”
552 2402 647 2459 Ταῦτα
666 2399 744 2463 εἴπας
760 2400 806 2459 καὶ
820 2398 889 2461 άπά-
900 2404 939 2462 98

89 2494 147 2565 φας
160 2481 277 2563 ἅμματα
290 2486 424 2562 ἑξήκοντα
439 2492 469 2548 ἑν
482 2485 583 2565 ἶμάντι,
606 2488 729 2552 καλέσας
743 2494 771 2561 ἐς
785 2488 888 2571 λόγους

87 2572 155 2638 τούς
174 2572 273 2636 Ἰώνων
289 2573 438 2652 τυράννους
458 2576 537 2657 ἔλεγε
557 2575 631 2635 τάδε·
653 2574 775 2653 “άνδρες
789 2576 890 2647 Ἴωνες,

87 2662 174 2740 ἡμὲν
187 2661 324 2741 πρότερον
338 2662 435 2744 γνώμη
447 2663 639 2742 ἀποδεχθεῖσα
657 2668 685 2727 ἑς
697 2664 749 2740 την
764 2666 890 2745 γέφυραν

87 2749 229 2825 μετείσθω
242 2776 303 2828 μοι·
324 2753 434 2830 ἔχοντες
452 2752 481 2811 δὲ
498 2750 549 2811 τόν
567 2750 668 2826 ἱμάντα
685 2751 764 2811 τόνδε
782 2752 890 2812 ποιέετε

86 2837 166 2897 τάδε·
207 2837 291 2898 ε’πεάν
316 2864 354 2915 με
379 2838 455 2914 ἴδητε
480 2839 605 2917 τάχισταΙ
632 2837 818 2914 πορευόμενον
845 2840 890 2899 ε’πὶ

89 2924 209 2995 Σκύθας,
232 2924 289 2986 άπό
313 2924 414 2985 τούτου
437 2924 588 3002 ἀρξάμενοι
611 2928 661 2983 τοῦ
684 2923 786 3002 χρόνου
809 2926 890 2986 λύετε

87 3012 171 3090 ἅμμα
185 3014 214 3073 ἓν
227 3013 346 3089 ἑκάστης
363 3012 478 3090 ἡμέρης·
498 3012 533 3088 ἢν
551 3012 580 3071 δὲ
595 3017 624 3071 ἔν
639 3010 728 3091 τούτῳ
743 3017 781 3090 τῷ
798 3014 890 3094 χρόνῳ

86 3100 129 3176 μη
157 3101 260 3179 παρέω,
272 3093 274 3099 ¹
287 3100 365 3161 άλλό
386 3100 549 3171 διεξέλθωσι
569 3099 634 3176 ύμῖν
657 3102 685 3157 αἶ
712 3098 814 3177 ἡμέραι
833 3103 889 3161 τῶν

87 3187 233 3265 άμμάτων,
246 3188 405 3249 ἀποπλέετε
421 3180 448 3252 ές
462 3186 514 3263 τήν
531 3187 667 3265 ὑμετέρην
686 3185 785 3248 αὐτῶν·
805 3187 890 3269 μέχρι

87 3273 118 3335 δὲ
137 3274 247 3347 τούτου,
268 3275 331 3335 ε’πεί
347 3298 379 3335 τε
398 3273 470 3335 οὕτω
488 3274 627 3352 μετέδοξε,
649 3272 818 3350 φυλάσσεὲε
833 3278 890 3353 τήν
