<?xml version="1.0" encoding="UTF-8"?>
<!DOCTYPE html PUBLIC "-//W3C//DTD XHTML 1.0 Transitional//EN"
    "http://www.w3.org/TR/xhtml1/DTD/xhtml1-transitional.dtd">
<html xmlns="http://www.w3.org/1999/xhtml" xml:lang="en" lang="en">
 <head>
  <title>
</title>
<meta http-equiv="Content-Type" content="text/html;charset=utf-8" />
  <meta name='ocr-system' content='tesseract 3.04.00' />
  <meta name='ocr-capabilities' content='ocr_page ocr_carea ocr_par ocr_line ocrx_word'/>
</head>
<body>
  <div class='ocr_page' id='page_1' title='image "./herodotus00blakgoog_0222.png"; bbox 0 0 2150 3500; ppageno 0'>
   <div class='ocr_carea' id='block_1_1' title="bbox 17 86 954 3320">
    <p class='ocr_par' dir='ltr' id='par_1_1' title="bbox 17 86 954 3320">
     <span class='ocr_line' id='line_1_1' title="bbox 106 86 910 152; baseline -0.001 -14"><span class='ocrx_word' id='word_1_1' title='bbox 106 86 216 152; x_wconf 76' lang='lat'>12-14]</span> <span class='ocrx_word' id='word_1_2' title='bbox 442 88 576 138; x_wconf 77' lang='grc' dir='ltr'>οκκκικ.</span> <span class='ocrx_word' id='word_1_3' title='bbox 863 93 910 138; x_wconf 62' lang='grc' dir='ltr'>σοι</span> 
     </span>
     <span class='ocr_line' id='line_1_2' title="bbox 105 166 903 244; baseline 0.001 -17"><span class='ocrx_word' id='word_1_4' title='bbox 105 168 235 244; x_wconf 79' lang='grc' dir='ltr'>Μέμφιν,</span> <span class='ocrx_word' id='word_1_5' title='bbox 249 166 355 244; x_wconf 84' lang='grc' dir='ltr'>έπεμπε</span> <span class='ocrx_word' id='word_1_6' title='bbox 368 166 421 227; x_wconf 84' lang='grc' dir='ltr'>άνοὶ</span> <span class='ocrx_word' id='word_1_7' title='bbox 436 169 566 244; x_wconf 82' lang='grc' dir='ltr'>ποταμόν</span> <span class='ocrx_word' id='word_1_8' title='bbox 579 169 741 244; x_wconf 82' lang='grc' dir='ltr'>Καμβύσης</span> <span class='ocrx_word' id='word_1_9' title='bbox 758 168 807 227; x_wconf 91' lang='grc' dir='ltr'>νέα</span> <span class='ocrx_word' id='word_1_10' title='bbox 819 174 903 228; x_wconf 75' lang='grc' dir='ltr'>Μυτυ</span> 
     </span>
     <span class='ocr_line' id='line_1_3' title="bbox 104 253 908 336; baseline 0.001 -22"><span class='ocrx_word' id='word_1_11' title='bbox 104 255 225 329; x_wconf 81' lang='grc' dir='ltr'>ληναίην</span> <span class='ocrx_word' id='word_1_12' title='bbox 251 255 356 331; x_wconf 90' lang='grc' dir='ltr'>κήρυκα</span> <span class='ocrx_word' id='word_1_13' title='bbox 377 254 502 336; x_wconf 79' lang='grc' dir='ltr'>ἄγουσαν</span> <span class='ocrx_word' id='word_1_14' title='bbox 524 253 611 330; x_wconf 74' lang='grc' dir='ltr'>ἄνδρα</span> <span class='ocrx_word' id='word_1_15' title='bbox 637 256 762 332; x_wconf 80' lang='grc' dir='ltr'>Πέρσην,</span> <span class='ocrx_word' id='word_1_16' title='bbox 787 260 815 318; x_wconf 81' lang='grc' dir='ltr'>ἐς</span> <span class='ocrx_word' id='word_1_17' title='bbox 841 254 908 332; x_wconf 83' lang='grc' dir='ltr'>ὄμο-</span> 
     </span>
     <span class='ocr_line' id='line_1_4' title="bbox 103 342 908 424; baseline 0.002 -22"><span class='ocrx_word' id='word_1_18' title='bbox 103 344 206 423; x_wconf 85' lang='grc' dir='ltr'>λογίην</span> <span class='ocrx_word' id='word_1_19' title='bbox 214 342 440 420; x_wconf 87' lang='grc' dir='ltr'>προκαλεόμενος</span> <span class='ocrx_word' id='word_1_20' title='bbox 453 345 632 424; x_wconf 83' lang='grc' dir='ltr'>Αἰγυπτίους·</span> <span class='ocrx_word' id='word_1_21' title='bbox 648 346 675 402; x_wconf 85' lang='grc' dir='ltr'>οἱ</span> <span class='ocrx_word' id='word_1_22' title='bbox 688 344 726 414; x_wconf 83' lang='grc' dir='ltr'>δὲ,</span> <span class='ocrx_word' id='word_1_23' title='bbox 741 344 803 402; x_wconf 84' lang='grc' dir='ltr'>ἐπεί</span> <span class='ocrx_word' id='word_1_24' title='bbox 812 368 844 402; x_wconf 90' lang='grc' dir='ltr'>τε</span> <span class='ocrx_word' id='word_1_25' title='bbox 856 342 908 419; x_wconf 78' lang='grc' dir='ltr'>τὴν</span> 
     </span>
     <span class='ocr_line' id='line_1_5' title="bbox 103 430 908 510; baseline 0.004 -22"><span class='ocrx_word' id='word_1_26' title='bbox 103 430 154 489; x_wconf 88' lang='grc' dir='ltr'>νέα</span> <span class='ocrx_word' id='word_1_27' title='bbox 176 430 236 489; x_wconf 80' lang='grc' dir='ltr'>ἴδον</span> <span class='ocrx_word' id='word_1_28' title='bbox 260 431 436 490; x_wconf 82' lang='grc' dir='ltr'>ἐσελθοῦσαν</span> <span class='ocrx_word' id='word_1_29' title='bbox 463 436 491 494; x_wconf 82' lang='grc' dir='ltr'>ἐς</span> <span class='ocrx_word' id='word_1_30' title='bbox 516 430 569 506; x_wconf 72' lang='grc' dir='ltr'>την</span> <span class='ocrx_word' id='word_1_31' title='bbox 595 432 724 507; x_wconf 87' lang='grc' dir='ltr'>Μέμφιν,</span> <span class='ocrx_word' id='word_1_32' title='bbox 748 431 908 510; x_wconf 78' lang='grc' dir='ltr'>ἐκχυθέντες</span> 
     </span>
     <span class='ocr_line' id='line_1_6' title="bbox 102 517 908 597; baseline 0.005 -20"><span class='ocrx_word' id='word_1_33' title='bbox 102 517 185 581; x_wconf 82' lang='grc' dir='ltr'>άλέες</span> <span class='ocrx_word' id='word_1_34' title='bbox 199 522 228 575; x_wconf 93' lang='grc' dir='ltr'>ε’κ</span> <span class='ocrx_word' id='word_1_35' title='bbox 242 522 292 577; x_wconf 88' lang='grc' dir='ltr'>τοῦ</span> <span class='ocrx_word' id='word_1_36' title='bbox 304 519 418 597; x_wconf 87' lang='grc' dir='ltr'>τείχεος,</span> <span class='ocrx_word' id='word_1_37' title='bbox 432 518 484 593; x_wconf 83' lang='grc' dir='ltr'>τήν</span> <span class='ocrx_word' id='word_1_38' title='bbox 496 544 528 578; x_wconf 91' lang='grc' dir='ltr'>τε</span> <span class='ocrx_word' id='word_1_39' title='bbox 545 520 594 579; x_wconf 93' lang='grc' dir='ltr'>νέα</span> <span class='ocrx_word' id='word_1_40' title='bbox 611 518 772 596; x_wconf 88' lang='grc' dir='ltr'>διέφθειραν</span> <span class='ocrx_word' id='word_1_41' title='bbox 785 519 832 577; x_wconf 86' lang='grc' dir='ltr'>καὶ</span> <span class='ocrx_word' id='word_1_42' title='bbox 843 518 908 582; x_wconf 75' lang='grc' dir='ltr'>τούς</span> 
     </span>
     <span class='ocr_line' id='line_1_7' title="bbox 102 604 908 685; baseline 0.002 -21"><span class='ocrx_word' id='word_1_43' title='bbox 102 604 205 683; x_wconf 75' lang='grc' dir='ltr'>ἄνδρας</span> <span class='ocrx_word' id='word_1_44' title='bbox 230 606 416 685; x_wconf 75' lang='grc' dir='ltr'>κρεουργηδὸν</span> <span class='ocrx_word' id='word_1_45' title='bbox 443 605 651 669; x_wconf 84' lang='grc' dir='ltr'>διασπάσαντες</span> <span class='ocrx_word' id='word_1_46' title='bbox 678 606 797 685; x_wconf 86' lang='grc' dir='ltr'>ε’φόρεον</span> <span class='ocrx_word' id='word_1_47' title='bbox 822 611 850 669; x_wconf 83' lang='grc' dir='ltr'>ἐς</span> <span class='ocrx_word' id='word_1_48' title='bbox 873 606 908 666; x_wconf 82' lang='grc' dir='ltr'>τό</span> 
     </span>
     <span class='ocr_line' id='line_1_8' title="bbox 102 693 907 774; baseline 0.001 -22"><span class='ocrx_word' id='word_1_49' title='bbox 102 696 203 772; x_wconf 82' lang='grc' dir='ltr'>τεῖχος.</span> <span class='ocrx_word' id='word_1_50' title='bbox 247 694 293 751; x_wconf 92' lang='grc' dir='ltr'>καὶ</span> <span class='ocrx_word' id='word_1_51' title='bbox 309 693 457 774; x_wconf 81' lang='grc' dir='ltr'>Αἰγύπτιοι</span> <span class='ocrx_word' id='word_1_52' title='bbox 477 696 529 772; x_wconf 80' lang='grc' dir='ltr'>μὲν</span> <span class='ocrx_word' id='word_1_53' title='bbox 549 693 621 771; x_wconf 81' lang='grc' dir='ltr'>μετά</span> <span class='ocrx_word' id='word_1_54' title='bbox 639 698 725 754; x_wconf 86' lang='grc' dir='ltr'>τοῦτο</span> <span class='ocrx_word' id='word_1_55' title='bbox 744 694 907 771; x_wconf 89' lang='grc' dir='ltr'>πολιορκεύ·</span> 
     </span>
     <span class='ocr_line' id='line_1_9' title="bbox 101 779 907 860; baseline 0.005 -19"><span class='ocrx_word' id='word_1_56' title='bbox 101 806 191 856; x_wconf 84' lang='grc' dir='ltr'>μενοι,</span> <span class='ocrx_word' id='word_1_57' title='bbox 204 779 297 860; x_wconf 79' lang='grc' dir='ltr'>χρόνῳ</span> <span class='ocrx_word' id='word_1_58' title='bbox 315 782 510 858; x_wconf 85' lang='grc' dir='ltr'>παρέστησαν·</span> <span class='ocrx_word' id='word_1_59' title='bbox 532 785 559 840; x_wconf 81' lang='grc' dir='ltr'>οἱ</span> <span class='ocrx_word' id='word_1_60' title='bbox 577 782 607 841; x_wconf 84' lang='grc' dir='ltr'>δὲ</span> <span class='ocrx_word' id='word_1_61' title='bbox 622 782 775 860; x_wconf 79' lang='grc' dir='ltr'>προσεχέες</span> <span class='ocrx_word' id='word_1_62' title='bbox 792 783 907 858; x_wconf 80' lang='grc' dir='ltr'>Λίβυες,</span> 
     </span>
     <span class='ocr_line' id='line_1_10' title="bbox 103 868 908 951; baseline 0.002 -24"><span class='ocrx_word' id='word_1_63' title='bbox 103 868 246 933; x_wconf 90' lang='grc' dir='ltr'>δείσαντες</span> <span class='ocrx_word' id='word_1_64' title='bbox 263 868 299 929; x_wconf 79' lang='grc' dir='ltr'>τά</span> <span class='ocrx_word' id='word_1_65' title='bbox 317 870 382 946; x_wconf 77' lang='grc' dir='ltr'>περὶ</span> <span class='ocrx_word' id='word_1_66' title='bbox 401 868 452 929; x_wconf 82' lang='grc' dir='ltr'>τόν</span> <span class='ocrx_word' id='word_1_67' title='bbox 470 871 613 951; x_wconf 82' lang='grc' dir='ltr'>Αἴγυπτον</span> <span class='ocrx_word' id='word_1_68' title='bbox 630 869 774 951; x_wconf 87' lang='grc' dir='ltr'>γεγονότα,</span> <span class='ocrx_word' id='word_1_69' title='bbox 791 870 908 947; x_wconf 91' lang='grc' dir='ltr'>παρέδο-</span> 
     </span>
     <span class='ocr_line' id='line_1_11' title="bbox 103 956 907 1036; baseline 0.002 -20"><span class='ocrx_word' id='word_1_70' title='bbox 103 982 161 1016; x_wconf 90' lang='grc' dir='ltr'>σαν</span> <span class='ocrx_word' id='word_1_71' title='bbox 173 958 266 1034; x_wconf 90' lang='grc' dir='ltr'>σφέος</span> <span class='ocrx_word' id='word_1_72' title='bbox 284 956 383 1021; x_wconf 78' lang='grc' dir='ltr'>αύτούς</span> <span class='ocrx_word' id='word_1_73' title='bbox 401 956 535 1036; x_wconf 88' lang='grc' dir='ltr'>οἷμαχητί·</span> <span class='ocrx_word' id='word_1_74' title='bbox 558 958 604 1016; x_wconf 84' lang='grc' dir='ltr'>καὶ</span> <span class='ocrx_word' id='word_1_75' title='bbox 621 956 713 1035; x_wconf 85' lang='grc' dir='ltr'>φόρον</span> <span class='ocrx_word' id='word_1_76' title='bbox 726 983 758 1017; x_wconf 90' lang='grc' dir='ltr'>τε</span> <span class='ocrx_word' id='word_1_77' title='bbox 774 957 907 1027; x_wconf 79' lang='grc' dir='ltr'>ε’τάξαντο</span> 
     </span>
     <span class='ocr_line' id='line_1_12' title="bbox 104 1045 907 1123; baseline 0.004 -20"><span class='ocrx_word' id='word_1_78' title='bbox 104 1045 152 1103; x_wconf 85' lang='grc' dir='ltr'>καὶ</span> <span class='ocrx_word' id='word_1_79' title='bbox 168 1046 242 1123; x_wconf 81' lang='grc' dir='ltr'>δῶρα</span> <span class='ocrx_word' id='word_1_80' title='bbox 261 1045 394 1122; x_wconf 78' lang='grc' dir='ltr'>ἔπεμπον.</span> <span class='ocrx_word' id='word_1_81' title='bbox 437 1046 472 1108; x_wconf 78' lang='grc' dir='ltr'>ιδς</span> <span class='ocrx_word' id='word_1_82' title='bbox 488 1046 519 1105; x_wconf 82' lang='grc' dir='ltr'>δὲ</span> <span class='ocrx_word' id='word_1_83' title='bbox 534 1049 689 1123; x_wconf 82' lang='grc' dir='ltr'>Κυρηναῖοι</span> <span class='ocrx_word' id='word_1_84' title='bbox 707 1046 753 1105; x_wconf 87' lang='grc' dir='ltr'>καὶ</span> <span class='ocrx_word' id='word_1_85' title='bbox 770 1050 907 1123; x_wconf 83' lang='grc' dir='ltr'>Βαρκαῖοι</span> 
     </span>
     <span class='ocr_line' id='line_1_13' title="bbox 103 1131 907 1215; baseline 0 -24"><span class='ocrx_word' id='word_1_86' title='bbox 103 1131 245 1196; x_wconf 87' lang='grc' dir='ltr'>δείσαντες</span> <span class='ocrx_word' id='word_1_87' title='bbox 266 1132 367 1210; x_wconf 83' lang='grc' dir='ltr'>ὁμοίως</span> <span class='ocrx_word' id='word_1_88' title='bbox 386 1131 419 1215; x_wconf 80' lang='grc' dir='ltr'>[ά</span> <span class='ocrx_word' id='word_1_89' title='bbox 440 1134 486 1192; x_wconf 86' lang='grc' dir='ltr'>καὶ</span> <span class='ocrx_word' id='word_1_90' title='bbox 506 1137 533 1193; x_wconf 86' lang='grc' dir='ltr'>οἱ</span> <span class='ocrx_word' id='word_1_91' title='bbox 553 1134 667 1209; x_wconf 90' lang='grc' dir='ltr'>Λίβυες,</span> <span class='ocrx_word' id='word_1_92' title='bbox 681 1134 762 1210; x_wconf 79' lang='grc' dir='ltr'>ἔτερα</span> <span class='ocrx_word' id='word_1_93' title='bbox 780 1133 907 1215; x_wconf 82' lang='grc' dir='ltr'>τοιαῦτα]</span> 
     </span>
     <span class='ocr_line' id='line_1_14' title="bbox 104 1220 907 1298; baseline 0.005 -20"><span class='ocrx_word' id='word_1_94' title='bbox 104 1220 249 1296; x_wconf 80' lang='grc' dir='ltr'>ἐποίησαν,</span> <span class='ocrx_word' id='word_1_95' title='bbox 265 1220 429 1297; x_wconf 81' lang='grc' dir='ltr'>Καμβύσης</span> <span class='ocrx_word' id='word_1_96' title='bbox 442 1220 520 1280; x_wconf 77' lang='grc' dir='ltr'>δὲ’τοὶ</span> <span class='ocrx_word' id='word_1_97' title='bbox 533 1224 586 1297; x_wconf 78' lang='grc' dir='ltr'>μὲν</span> <span class='ocrx_word' id='word_1_98' title='bbox 598 1222 675 1298; x_wconf 82' lang='grc' dir='ltr'>παρά</span> <span class='ocrx_word' id='word_1_99' title='bbox 684 1220 800 1297; x_wconf 78' lang='grc' dir='ltr'>Λιβύων</span> <span class='ocrx_word' id='word_1_100' title='bbox 812 1221 907 1282; x_wconf 89' lang='grc' dir='ltr'>ε’λθόν-</span> 
     </span>
     <span class='ocr_line' id='line_1_15' title="bbox 102 1307 908 1387; baseline 0.001 -19"><span class='ocrx_word' id='word_1_101' title='bbox 102 1334 141 1368; x_wconf 91' lang='grc' dir='ltr'>τα</span> <span class='ocrx_word' id='word_1_102' title='bbox 154 1308 228 1386; x_wconf 79' lang='grc' dir='ltr'>δῶρα</span> <span class='ocrx_word' id='word_1_103' title='bbox 239 1307 421 1385; x_wconf 81' lang='grc' dir='ltr'>φιλοφρόνως</span> <span class='ocrx_word' id='word_1_104' title='bbox 434 1310 555 1379; x_wconf 74' lang='grc' dir='ltr'>ἐδέξατο,</span> <span class='ocrx_word' id='word_1_105' title='bbox 565 1309 601 1370; x_wconf 78' lang='grc' dir='ltr'>τά</span> <span class='ocrx_word' id='word_1_106' title='bbox 614 1310 644 1368; x_wconf 83' lang='grc' dir='ltr'>δὲ</span> <span class='ocrx_word' id='word_1_107' title='bbox 657 1310 733 1387; x_wconf 86' lang='grc' dir='ltr'>παραὶ</span> <span class='ocrx_word' id='word_1_108' title='bbox 745 1309 908 1387; x_wconf 88' lang='grc' dir='ltr'>Κυρηναίων</span> 
     </span>
     <span class='ocr_line' id='line_1_16' title="bbox 103 1395 908 1477; baseline 0.001 -23"><span class='ocrx_word' id='word_1_109' title='bbox 103 1395 260 1473; x_wconf 73' lang='grc' dir='ltr'>ἀπικόμενα</span> <span class='ocrx_word' id='word_1_110' title='bbox 271 1397 420 1474; x_wconf 86' lang='grc' dir='ltr'>μεμφθεὶς,</span> <span class='ocrx_word' id='word_1_111' title='bbox 434 1396 470 1461; x_wconf 66' lang='grc' dir='ltr'>οἷς</span> <span class='ocrx_word' id='word_1_112' title='bbox 486 1398 548 1474; x_wconf 83' lang='grc' dir='ltr'>ε’μοὶ</span> <span class='ocrx_word' id='word_1_113' title='bbox 562 1397 658 1468; x_wconf 89' lang='grc' dir='ltr'>δοκέει,</span> <span class='ocrx_word' id='word_1_114' title='bbox 673 1397 717 1458; x_wconf 81' lang='grc' dir='ltr'>ὅτι</span> <span class='ocrx_word' id='word_1_115' title='bbox 734 1396 770 1474; x_wconf 85' lang='grc' dir='ltr'>ἦν</span> <span class='ocrx_word' id='word_1_116' title='bbox 782 1396 908 1477; x_wconf 80' lang='grc' dir='ltr'>ὀλίγα-</span> 
     </span>
     <span class='ocr_line' id='line_1_17' title="bbox 103 1483 908 1566; baseline 0.002 -23"><span class='ocrx_word' id='word_1_117' title='bbox 103 1483 232 1561; x_wconf 74' lang='grc' dir='ltr'>ἕπεμψαν</span> <span class='ocrx_word' id='word_1_118' title='bbox 258 1484 313 1566; x_wconf 79' lang='grc' dir='ltr'>γάρ</span> <span class='ocrx_word' id='word_1_119' title='bbox 341 1484 375 1560; x_wconf 76' lang='grc' dir='ltr'>δή</span> <span class='ocrx_word' id='word_1_120' title='bbox 402 1486 588 1562; x_wconf 87' lang='grc' dir='ltr'>πεντηκοσίας</span> <span class='ocrx_word' id='word_1_121' title='bbox 613 1486 698 1563; x_wconf 91' lang='grc' dir='ltr'>μνέας</span> <span class='ocrx_word' id='word_1_122' title='bbox 724 1484 857 1566; x_wconf 84' lang='grc' dir='ltr'>άργυρίου</span> <span class='ocrx_word' id='word_1_123' title='bbox 880 1488 908 1545; x_wconf 80' lang='grc' dir='ltr'>οἷ</span> 
     </span>
     <span class='ocr_line' id='line_1_18' title="bbox 104 1572 908 1653; baseline 0.001 -22"><span class='ocrx_word' id='word_1_124' title='bbox 104 1572 402 1649; x_wconf 84' lang='grc' dir='ltr'>Κυρηναῖοι-ταύτας</span> <span class='ocrx_word' id='word_1_125' title='bbox 435 1572 637 1652; x_wconf 81' lang='grc' dir='ltr'>δρασσόμενος,</span> <span class='ocrx_word' id='word_1_126' title='bbox 665 1572 825 1653; x_wconf 77' lang='grc' dir='ltr'>αὐτοχειρίῃ</span> <span class='ocrx_word' id='word_1_127' title='bbox 855 1573 908 1633; x_wconf 87' lang='grc' dir='ltr'>διέ-</span> 
     </span>
     <span class='ocr_line' id='line_1_19' title="bbox 104 1663 870 1739; baseline 0 -19"><span class='ocrx_word' id='word_1_128' title='bbox 104 1684 205 1737; x_wconf 87' lang='grc' dir='ltr'>σπειρε</span> <span class='ocrx_word' id='word_1_129' title='bbox 218 1664 254 1739; x_wconf 79' lang='grc' dir='ltr'>τῇ</span> <span class='ocrx_word' id='word_1_130' title='bbox 269 1663 399 1737; x_wconf 83' lang='grc' dir='ltr'>στρατιῇ.</span> <span class='ocrx_word' id='word_1_131' title='bbox 868 1686 870 1689; x_wconf 71' lang='grc'>’</span> 
     </span>
     <span class='ocr_line' id='line_1_20' title="bbox 145 1743 954 1829; baseline 0.002 -21"><span class='ocrx_word' id='word_1_132' title='bbox 145 1746 255 1828; x_wconf 78' lang='grc' dir='ltr'>Ἡμέρη</span> <span class='ocrx_word' id='word_1_133' title='bbox 268 1749 298 1807; x_wconf 79' lang='grc' dir='ltr'>δὲ</span> <span class='ocrx_word' id='word_1_134' title='bbox 316 1748 417 1827; x_wconf 81' lang='grc' dir='ltr'>δεκάτῃ</span> <span class='ocrx_word' id='word_1_135' title='bbox 435 1745 483 1807; x_wconf 76' lang='grc' dir='ltr'>ἀπ’</span> <span class='ocrx_word' id='word_1_136' title='bbox 500 1743 536 1824; x_wconf 83' lang='grc' dir='ltr'>ἧς</span> <span class='ocrx_word' id='word_1_137' title='bbox 552 1749 701 1827; x_wconf 88' lang='grc' dir='ltr'>παρέλαβε</span> <span class='ocrx_word' id='word_1_138' title='bbox 718 1749 752 1810; x_wconf 78' lang='grc' dir='ltr'>τό</span> <span class='ocrx_word' id='word_1_139' title='bbox 769 1753 862 1829; x_wconf 81' lang='grc' dir='ltr'>τεῖχος</span> <span class='ocrx_word' id='word_1_140' title='bbox 874 1749 907 1811; x_wconf 82' lang='grc' dir='ltr'>τό</span> <span class='ocrx_word' id='word_1_141' title='bbox 917 1752 954 1810; x_wconf 79' lang='grc'>14</span> 
     </span>
     <span class='ocr_line' id='line_1_21' title="bbox 104 1836 908 1915; baseline 0.002 -19"><span class='ocrx_word' id='word_1_142' title='bbox 104 1841 135 1896; x_wconf 82' lang='grc' dir='ltr'>ἐν</span> <span class='ocrx_word' id='word_1_143' title='bbox 148 1837 251 1914; x_wconf 87' lang='grc' dir='ltr'>Μέμφι</span> <span class='ocrx_word' id='word_1_144' title='bbox 266 1836 436 1913; x_wconf 88' lang='grc' dir='ltr'>Καμβύσης,</span> <span class='ocrx_word' id='word_1_145' title='bbox 451 1837 568 1900; x_wconf 90' lang='grc' dir='ltr'>κατίσας</span> <span class='ocrx_word' id='word_1_146' title='bbox 584 1843 613 1900; x_wconf 89' lang='grc' dir='ltr'>ε’ς</span> <span class='ocrx_word' id='word_1_147' title='bbox 626 1839 660 1898; x_wconf 83' lang='grc' dir='ltr'>τό</span> <span class='ocrx_word' id='word_1_148' title='bbox 678 1838 848 1915; x_wconf 80' lang='grc' dir='ltr'>προάστειον</span> <span class='ocrx_word' id='word_1_149' title='bbox 861 1840 908 1898; x_wconf 77' lang='grc' dir='ltr'>ἐπὶ</span> 
     </span>
     <span class='ocr_line' id='line_1_22' title="bbox 80 1923 940 2006; baseline 0.003 -23"><span class='ocrx_word' id='word_1_150' title='bbox 80 1923 182 2003; x_wconf 86' lang='grc' dir='ltr'>’λύμῃ</span> <span class='ocrx_word' id='word_1_151' title='bbox 208 1923 257 1984; x_wconf 81' lang='grc' dir='ltr'>τόν</span> <span class='ocrx_word' id='word_1_152' title='bbox 288 1924 417 2001; x_wconf 90' lang='grc' dir='ltr'>βασιλέα</span> <span class='ocrx_word' id='word_1_153' title='bbox 444 1927 500 1984; x_wconf 77' lang='grc' dir='ltr'>τῶν</span> <span class='ocrx_word' id='word_1_154' title='bbox 527 1927 686 2006; x_wconf 86' lang='grc' dir='ltr'>Αἰγυπτίων</span> <span class='ocrx_word' id='word_1_155' title='bbox 714 1926 905 2002; x_wconf 79' lang='grc' dir='ltr'>Ψαμμήνιτον,</span> <span class='ocrx_word' id='word_1_156' title='bbox 938 1954 940 1957; x_wconf 95' lang='grc'>·</span> 
     </span>
     <span class='ocr_line' id='line_1_23' title="bbox 103 2011 907 2090; baseline 0.002 -19"><span class='ocrx_word' id='word_1_157' title='bbox 103 2011 322 2090; x_wconf 90' lang='grc' dir='ltr'>βασιλεύσαντα</span> <span class='ocrx_word' id='word_1_158' title='bbox 334 2015 424 2088; x_wconf 81' lang='grc' dir='ltr'>μῆνας</span> <span class='ocrx_word' id='word_1_159' title='bbox 438 2011 476 2082; x_wconf 82' lang='grc' dir='ltr'>ἓξ,</span> <span class='ocrx_word' id='word_1_160' title='bbox 488 2015 589 2072; x_wconf 85' lang='grc' dir='ltr'>τοῦτον</span> <span class='ocrx_word' id='word_1_161' title='bbox 605 2013 730 2082; x_wconf 87' lang='grc' dir='ltr'>κατίσας,</span> <span class='ocrx_word' id='word_1_162' title='bbox 742 2013 797 2072; x_wconf 74' lang='grc' dir='ltr'>σύν</span> <span class='ocrx_word' id='word_1_163' title='bbox 809 2013 907 2073; x_wconf 80' lang='grc' dir='ltr'>ἄλλοι·</span> 
     </span>
     <span class='ocr_line' id='line_1_24' title="bbox 103 2098 908 2180; baseline 0 -21"><span class='ocrx_word' id='word_1_164' title='bbox 103 2125 138 2159; x_wconf 89' lang='grc' dir='ltr'>σι</span> <span class='ocrx_word' id='word_1_165' title='bbox 153 2101 334 2180; x_wconf 78' lang='grc' dir='ltr'>Αἰγυπτίοισι</span> <span class='ocrx_word' id='word_1_166' title='bbox 349 2099 506 2177; x_wconf 76' lang='grc' dir='ltr'>διεπειρᾶτο</span> <span class='ocrx_word' id='word_1_167' title='bbox 522 2098 608 2178; x_wconf 74' lang='grc' dir='ltr'>αὐτοῦ</span> <span class='ocrx_word' id='word_1_168' title='bbox 625 2102 675 2175; x_wconf 86' lang='grc' dir='ltr'>τῆς</span> <span class='ocrx_word' id='word_1_169' title='bbox 693 2104 794 2178; x_wconf 70' lang='grc' dir='ltr'>ψυχῆς,</span> <span class='ocrx_word' id='word_1_170' title='bbox 807 2101 908 2160; x_wconf 90' lang='grc' dir='ltr'>ποιέων</span> 
     </span>
     <span class='ocr_line' id='line_1_25' title="bbox 103 2185 906 2268; baseline -0.002 -19"><span class='ocrx_word' id='word_1_171' title='bbox 103 2187 207 2249; x_wconf 88' lang='grc' dir='ltr'>τοιάδε.</span> <span class='ocrx_word' id='word_1_172' title='bbox 248 2189 365 2250; x_wconf 89' lang='grc' dir='ltr'>στείλας</span> <span class='ocrx_word' id='word_1_173' title='bbox 391 2187 476 2246; x_wconf 74' lang='grc' dir='ltr'>αὐτοῦ</span> <span class='ocrx_word' id='word_1_174' title='bbox 494 2185 548 2262; x_wconf 70' lang='grc' dir='ltr'>τὴν</span> <span class='ocrx_word' id='word_1_175' title='bbox 568 2188 707 2268; x_wconf 84' lang='grc' dir='ltr'>θυγατέρα</span> <span class='ocrx_word' id='word_1_176' title='bbox 727 2189 826 2263; x_wconf 78' lang='grc' dir='ltr'>ε’σθῆτι</span> <span class='ocrx_word' id='word_1_177' title='bbox 846 2188 906 2247; x_wconf 91' lang='grc' dir='ltr'>δου-</span> 
     </span>
     <span class='ocr_line' id='line_1_26' title="bbox 17 2274 906 2355; baseline -0.001 -20"><span class='ocrx_word' id='word_1_178' title='bbox 17 2337 22 2346; x_wconf 68' lang='grc'>,</span> <span class='ocrx_word' id='word_1_179' title='bbox 103 2277 181 2355; x_wconf 81' lang='grc' dir='ltr'>ληΐη,</span> <span class='ocrx_word' id='word_1_180' title='bbox 192 2275 330 2352; x_wconf 81' lang='grc' dir='ltr'>ἐξέπεμπε</span> <span class='ocrx_word' id='word_1_181' title='bbox 341 2274 383 2334; x_wconf 81' lang='grc' dir='ltr'>ἐπ’</span> <span class='ocrx_word' id='word_1_182' title='bbox 393 2274 465 2352; x_wconf 83' lang='grc' dir='ltr'>ὕδωρ</span> <span class='ocrx_word' id='word_1_183' title='bbox 480 2276 601 2353; x_wconf 83' lang='grc' dir='ltr'>ἔχουσαν</span> <span class='ocrx_word' id='word_1_184' title='bbox 610 2274 732 2351; x_wconf 84' lang='grc' dir='ltr'>ύδρήῖον·</span> <span class='ocrx_word' id='word_1_185' title='bbox 745 2276 906 2352; x_wconf 88' lang='grc' dir='ltr'>συνέπεμπε</span> 
     </span>
     <span class='ocr_line' id='line_1_27' title="bbox 104 2362 907 2440; baseline -0.002 -16"><span class='ocrx_word' id='word_1_186' title='bbox 104 2364 136 2424; x_wconf 82' lang='grc' dir='ltr'>δὲ</span> <span class='ocrx_word' id='word_1_187' title='bbox 162 2363 209 2422; x_wconf 87' lang='grc' dir='ltr'>καὶ</span> <span class='ocrx_word' id='word_1_188' title='bbox 235 2362 327 2426; x_wconf 87' lang='grc' dir='ltr'>άλλας</span> <span class='ocrx_word' id='word_1_189' title='bbox 353 2363 514 2440; x_wconf 85' lang='grc' dir='ltr'>παρθένους,</span> <span class='ocrx_word' id='word_1_190' title='bbox 540 2362 682 2432; x_wconf 78' lang='grc' dir='ltr'>ἀπολέξας</span> <span class='ocrx_word' id='word_1_191' title='bbox 715 2363 820 2440; x_wconf 78' lang='grc' dir='ltr'>ἀνδρῶν</span> <span class='ocrx_word' id='word_1_192' title='bbox 851 2366 907 2423; x_wconf 77' lang='grc' dir='ltr'>τῶν</span> 
     </span>
     <span class='ocr_line' id='line_1_28' title="bbox 103 2451 906 2529; baseline 0.002 -19"><span class='ocrx_word' id='word_1_193' title='bbox 103 2451 228 2528; x_wconf 73' lang='grc' dir='ltr'>πράττων,</span> <span class='ocrx_word' id='word_1_194' title='bbox 241 2451 343 2528; x_wconf 82' lang='grc' dir='ltr'>ὁμοίως</span> <span class='ocrx_word' id='word_1_195' title='bbox 356 2452 530 2528; x_wconf 81' lang='grc' dir='ltr'>ἐσταλμένας</span> <span class='ocrx_word' id='word_1_196' title='bbox 542 2454 579 2529; x_wconf 78' lang='grc' dir='ltr'>τῇ</span> <span class='ocrx_word' id='word_1_197' title='bbox 591 2454 641 2511; x_wconf 82' lang='grc' dir='ltr'>τοῦ</span> <span class='ocrx_word' id='word_1_198' title='bbox 653 2453 803 2528; x_wconf 84' lang='grc' dir='ltr'>βασιλέος·</span> <span class='ocrx_word' id='word_1_199' title='bbox 827 2451 863 2516; x_wconf 80' lang='grc' dir='ltr'>ὠς</span> <span class='ocrx_word' id='word_1_200' title='bbox 875 2452 906 2512; x_wconf 75' lang='grc' dir='ltr'>δὲ</span> 
     </span>
     <span class='ocr_line' id='line_1_29' title="bbox 102 2539 906 2620; baseline 0.001 -21"><span class='ocrx_word' id='word_1_201' title='bbox 102 2541 165 2620; x_wconf 77' lang='grc' dir='ltr'>βοῇ</span> <span class='ocrx_word' id='word_1_202' title='bbox 191 2565 223 2600; x_wconf 91' lang='grc' dir='ltr'>τε</span> <span class='ocrx_word' id='word_1_203' title='bbox 250 2541 296 2598; x_wconf 88' lang='grc' dir='ltr'>καὶ</span> <span class='ocrx_word' id='word_1_204' title='bbox 317 2539 451 2617; x_wconf 80' lang='grc' dir='ltr'>κλαυθμῷ</span> <span class='ocrx_word' id='word_1_205' title='bbox 475 2542 608 2615; x_wconf 79' lang='grc' dir='ltr'>παρῆσαν</span> <span class='ocrx_word' id='word_1_206' title='bbox 629 2543 659 2599; x_wconf 83' lang='grc' dir='ltr'>αἱ</span> <span class='ocrx_word' id='word_1_207' title='bbox 681 2541 814 2617; x_wconf 89' lang='grc' dir='ltr'>παρθένοι</span> <span class='ocrx_word' id='word_1_208' title='bbox 836 2540 906 2600; x_wconf 78' lang='grc' dir='ltr'>κατά</span> 
     </span>
     <span class='ocr_line' id='line_1_30' title="bbox 103 2625 906 2705; baseline -0.001 -17"><span class='ocrx_word' id='word_1_209' title='bbox 103 2627 171 2691; x_wconf 82' lang='grc' dir='ltr'>τούς</span> <span class='ocrx_word' id='word_1_210' title='bbox 183 2628 312 2705; x_wconf 89' lang='grc' dir='ltr'>πατέρας,</span> <span class='ocrx_word' id='word_1_211' title='bbox 327 2630 353 2686; x_wconf 85' lang='grc' dir='ltr'>οί</span> <span class='ocrx_word' id='word_1_212' title='bbox 371 2629 422 2704; x_wconf 83' lang='grc' dir='ltr'>μὲν</span> <span class='ocrx_word' id='word_1_213' title='bbox 438 2625 524 2685; x_wconf 78' lang='grc' dir='ltr'>ἄλλοι</span> <span class='ocrx_word' id='word_1_214' title='bbox 542 2627 659 2704; x_wconf 86' lang='grc' dir='ltr'>πατέρες</span> <span class='ocrx_word' id='word_1_215' title='bbox 676 2627 802 2704; x_wconf 85' lang='grc' dir='ltr'>άνεβόων</span> <span class='ocrx_word' id='word_1_216' title='bbox 815 2655 846 2688; x_wconf 92' lang='grc' dir='ltr'>τε</span> <span class='ocrx_word' id='word_1_217' title='bbox 859 2629 906 2687; x_wconf 84' lang='grc' dir='ltr'>καὶ</span> 
     </span>
     <span class='ocr_line' id='line_1_31' title="bbox 104 2713 906 2793; baseline -0.001 -17"><span class='ocrx_word' id='word_1_218' title='bbox 104 2715 277 2786; x_wconf 87' lang='grc' dir='ltr'>άντέκλαιον,</span> <span class='ocrx_word' id='word_1_219' title='bbox 305 2713 430 2793; x_wconf 76' lang='grc' dir='ltr'>ὁρέοντες</span> <span class='ocrx_word' id='word_1_220' title='bbox 454 2713 491 2775; x_wconf 77' lang='grc' dir='ltr'>τά</span> <span class='ocrx_word' id='word_1_221' title='bbox 514 2715 597 2774; x_wconf 89' lang='grc' dir='ltr'>τέκνα</span> <span class='ocrx_word' id='word_1_222' title='bbox 619 2716 804 2792; x_wconf 90' lang='grc' dir='ltr'>κεκακωμένα·</span> <span class='ocrx_word' id='word_1_223' title='bbox 837 2715 853 2776; x_wconf 84' lang='grc' dir='ltr'>ό</span> <span class='ocrx_word' id='word_1_224' title='bbox 876 2717 906 2775; x_wconf 81' lang='grc' dir='ltr'>δὲ</span> 
     </span>
     <span class='ocr_line' id='line_1_32' title="bbox 103 2801 907 2884; baseline 0.001 -22"><span class='ocrx_word' id='word_1_225' title='bbox 103 2803 289 2881; x_wconf 80' lang='grc' dir='ltr'>Ψαμμήνιτος</span> <span class='ocrx_word' id='word_1_226' title='bbox 307 2803 429 2881; x_wconf 76' lang='grc' dir='ltr'>προϊδών</span> <span class='ocrx_word' id='word_1_227' title='bbox 445 2801 491 2862; x_wconf 85' lang='grc' dir='ltr'>καὶ</span> <span class='ocrx_word' id='word_1_228' title='bbox 508 2802 615 2878; x_wconf 77' lang='grc' dir='ltr'>μαθων,</span> <span class='ocrx_word' id='word_1_229' title='bbox 635 2803 719 2880; x_wconf 80' lang='grc' dir='ltr'>ἔκυψε</span> <span class='ocrx_word' id='word_1_230' title='bbox 733 2808 762 2866; x_wconf 81' lang='grc' dir='ltr'>ές</span> <span class='ocrx_word' id='word_1_231' title='bbox 775 2802 828 2879; x_wconf 79' lang='grc' dir='ltr'>τήν</span> <span class='ocrx_word' id='word_1_232' title='bbox 842 2807 907 2884; x_wconf 83' lang='grc' dir='ltr'>γῆν·</span> 
     </span>
     <span class='ocr_line' id='line_1_33' title="bbox 103 2887 908 2970; baseline 0.002 -19"><span class='ocrx_word' id='word_1_233' title='bbox 103 2890 352 2970; x_wconf 85' lang='grc' dir='ltr'>παρεξελθουσέων</span> <span class='ocrx_word' id='word_1_234' title='bbox 367 2891 397 2951; x_wconf 81' lang='grc' dir='ltr'>δὲ</span> <span class='ocrx_word' id='word_1_235' title='bbox 417 2895 472 2950; x_wconf 85' lang='grc' dir='ltr'>τῶν</span> <span class='ocrx_word' id='word_1_236' title='bbox 491 2888 663 2966; x_wconf 73' lang='grc' dir='ltr'>ὑδροφόρων,</span> <span class='ocrx_word' id='word_1_237' title='bbox 678 2887 792 2968; x_wconf 86' lang='grc' dir='ltr'>δεύτερά</span> <span class='ocrx_word' id='word_1_238' title='bbox 811 2894 838 2950; x_wconf 75' lang='grc' dir='ltr'>οἱ</span> <span class='ocrx_word' id='word_1_239' title='bbox 857 2892 908 2953; x_wconf 79' lang='grc' dir='ltr'>τόν</span> 
     </span>
     <span class='ocr_line' id='line_1_34' title="bbox 103 2976 909 3058; baseline 0 -18"><span class='ocrx_word' id='word_1_240' title='bbox 103 2980 193 3040; x_wconf 85' lang='grc' dir='ltr'>παῖδα</span> <span class='ocrx_word' id='word_1_241' title='bbox 211 2981 317 3056; x_wconf 82' lang='grc' dir='ltr'>ἔπεμπε</span> <span class='ocrx_word' id='word_1_242' title='bbox 333 2977 393 3055; x_wconf 77' lang='grc' dir='ltr'>μετ’</span> <span class='ocrx_word' id='word_1_243' title='bbox 406 2976 503 3038; x_wconf 74' lang='grc' dir='ltr'>ἄλλων</span> <span class='ocrx_word' id='word_1_244' title='bbox 518 2978 676 3058; x_wconf 73' lang='grc' dir='ltr'>Αἰγυπτίαν</span> <span class='ocrx_word' id='word_1_245' title='bbox 696 2978 843 3056; x_wconf 86' lang='grc' dir='ltr'>δισχιλίων</span> <span class='ocrx_word' id='word_1_246' title='bbox 856 2979 909 3055; x_wconf 74' lang='grc' dir='ltr'>τήν</span> 
     </span>
     <span class='ocr_line' id='line_1_35' title="bbox 103 3063 908 3145; baseline 0 -19"><span class='ocrx_word' id='word_1_247' title='bbox 103 3067 193 3143; x_wconf 80' lang='grc' dir='ltr'>αύτὴν</span> <span class='ocrx_word' id='word_1_248' title='bbox 210 3067 324 3143; x_wconf 81' lang='grc' dir='ltr'>ἡλικίην</span> <span class='ocrx_word' id='word_1_249' title='bbox 340 3065 467 3145; x_wconf 82' lang='grc' dir='ltr'>ἐχόντων,</span> <span class='ocrx_word' id='word_1_250' title='bbox 480 3063 546 3127; x_wconf 80' lang='grc' dir='ltr'>τούς</span> <span class='ocrx_word' id='word_1_251' title='bbox 560 3089 591 3123; x_wconf 92' lang='grc' dir='ltr'>τε</span> <span class='ocrx_word' id='word_1_252' title='bbox 608 3063 726 3143; x_wconf 78' lang='grc' dir='ltr'>αὐχένος</span> <span class='ocrx_word' id='word_1_253' title='bbox 741 3064 817 3144; x_wconf 84' lang='grc' dir='ltr'>κάλῳ</span> <span class='ocrx_word' id='word_1_254' title='bbox 836 3067 908 3126; x_wconf 87' lang='grc' dir='ltr'>δεδε-</span> 
     </span>
     <span class='ocr_line' id='line_1_36' title="bbox 102 3153 907 3236; baseline -0.002 -21"><span class='ocrx_word' id='word_1_255' title='bbox 102 3157 206 3232; x_wconf 89' lang='grc' dir='ltr'>μένους</span> <span class='ocrx_word' id='word_1_256' title='bbox 222 3155 270 3215; x_wconf 86' lang='grc' dir='ltr'>καὶ</span> <span class='ocrx_word' id='word_1_257' title='bbox 285 3153 323 3214; x_wconf 76' lang='grc' dir='ltr'>τά</span> <span class='ocrx_word' id='word_1_258' title='bbox 343 3153 473 3231; x_wconf 89' lang='grc' dir='ltr'>στόματα</span> <span class='ocrx_word' id='word_1_259' title='bbox 493 3153 770 3232; x_wconf 77' lang='grc' dir='ltr'>ἐγκεχαλινωμένους·</span> <span class='ocrx_word' id='word_1_260' title='bbox 805 3153 907 3236; x_wconf 82' lang='grc' dir='ltr'>ἅγοντο</span> 
     </span>
     <span class='ocr_line' id='line_1_37' title="bbox 103 3240 908 3320; baseline -0.002 -16"><span class='ocrx_word' id='word_1_261' title='bbox 103 3244 136 3304; x_wconf 78' lang='grc' dir='ltr'>δὲ</span> <span class='ocrx_word' id='word_1_262' title='bbox 162 3240 265 3320; x_wconf 70' lang='grc' dir='ltr'>ποινήν</span> <span class='ocrx_word' id='word_1_263' title='bbox 289 3242 416 3305; x_wconf 88' lang='grc' dir='ltr'>τίσοντες</span> <span class='ocrx_word' id='word_1_264' title='bbox 437 3242 635 3316; x_wconf 88' lang='grc' dir='ltr'>Μυτιληναίων</span> <span class='ocrx_word' id='word_1_265' title='bbox 654 3243 731 3300; x_wconf 83' lang='grc' dir='ltr'>τοῖσι</span> <span class='ocrx_word' id='word_1_266' title='bbox 752 3245 783 3301; x_wconf 81' lang='grc' dir='ltr'>ἐν</span> <span class='ocrx_word' id='word_1_267' title='bbox 804 3243 908 3317; x_wconf 89' lang='grc' dir='ltr'>Μέμφι</span> 
     </span>
    </p>
   </div>
   <div class='ocr_carea' id='block_1_2' title="bbox 0 0 1080 3500">
    <p class='ocr_par' dir='ltr' id='par_1_2' title="bbox 0 0 1080 3500">
     <span class='ocr_line' id='line_1_38' title="bbox 0 0 1080 3500; baseline 0 0"><span class='ocrx_word' id='word_1_268' title='bbox 0 0 1080 3500; x_wconf 95' lang='lat' dir='ltr'> </span> 
     </span>
    </p>
   </div>
  </div>
 </body>
</html>
