2150 3500
183 115 231 162 ιιι
490 112 674 162 Ἦνοιοτοτ
941 109 997 176 [n

178 189 302 271 γοα-πίων
315 193 342 250 οί
355 190 447 268 ἔνερθε
458 193 510 266 τῆς
526 190 628 266 λίμνης
643 193 694 266 τῆς
711 189 831 266 Μοίριος
849 188 999 253 οἰκέοντες

179 277 216 338 τά
227 303 258 337 τε
268 277 346 336 ἀλλα
357 277 447 356 χωρία
457 276 549 336 καὶτὰ
563 276 731 352 καλεόμενον
745 275 851 347 Δέλτα,
865 273 906 352 ἢν
920 276 996 338 οὕτω

179 364 199 440 ή
208 364 285 443 χάρη
295 363 365 440 αὕτη
375 364 445 423 κατά
454 363 543 446 λόγον
551 364 660 442 ἐπιδιδῷ
670 369 696 426 ἐς
706 362 775 442 ὕφος
785 364 832 424 καὶ
842 364 877 424 τό
889 363 996 440 ὁμοῖον

179 451 302 532 ἀποδιδῷ
322 457 350 516 ἐς
372 451 499 527 αὔξησιν,
519 451 561 529 μή
580 450 800 522 κατακλύζοντος
820 449 916 528 αὐτὴν
940 457 994 513 τοῦ

180 541 295 612 Νείλου,
308 541 458 601 πείσεσθαι
476 538 527 601 τόν
538 538 631 600 πάντα
650 537 753 619 χρόνον
764 537 814 600 τόν
835 541 994 602 ἐπίλοιπον

180 627 329 709 Αἰγύπτιοι
337 627 371 688 τό
385 652 448 688 κοτε
457 626 537 688 αὐτοὶ
545 625 689 704 Ἕλληνας
699 626 810 702 ἔφασαν
820 627 992 688 πείσεσθαι·

180 715 332 793 πυθόμενοι
343 715 399 796 γάρ
412 714 448 779 ὦς
458 714 536 776 ὕεται
549 718 631 799 πᾶσα
642 713 748 794 ήχάρη
761 718 816 774 τῶν
827 712 992 791 Ἑλλήνων,

179 803 247 864 ἀλλ’
261 803 293 863 οό
306 806 461 880 ποταμοῖσι
473 801 584 880 ἄρδεται
597 800 721 880 κατάπερ
733 801 753 877 ή
766 803 906 880 σφετέρη,
922 805 991 880 ἐφα-

179 917 237 952 σαν
255 890 425 966 “mnne
443 890 616 967 ψευσθέντας
636 892 699 951 κοτὲ
721 889 833 953 ἐλπίδος
857 891 992 971 μεγάλης

180 983 270 1042 κακῶς
288 976 457 1054 πεινήσειν.”
484 976 518 1038 τό
539 977 569 1038 δέ
592 978 657 1040 ἔπος
668 981 752 1038 τοῦτο
769 977 860 1037 ἐθέλει
881 980 990 1060 λέγειν,

180 1066 217 1130 (ἀς
236 1069 288 1127 “εἰ
307 1065 348 1144 μή
368 1063 498 1141 ἐθελήσει
524 1071 581 1142 σφι
602 1063 658 1126 ὕειν
679 1063 696 1125 ἀ
715 1064 777 1128 θεός
797 1063 865 1124 ἀλλ’
886 1065 991 1147 αὐχμῷ

179 1154 359 1234 διαχρᾶσθαι,
372 1157 446 1232 λιμῷ
460 1156 487 1214 οἱ
496 1151 637 1229 Ἕλληνες
653 1151 860 1230 αἱρεθήσονται·
882 1153 919 1213 οὐ
932 1155 989 1236 γάρ

180 1242 216 1318 δή
236 1254 293 1320 σφι
314 1247 376 1303 ἐστι
395 1242 495 1305 ὕδατος
515 1240 631 1318 οὐδεμία
648 1239 724 1317 άλλη
745 1239 931 1319 ἀποστροφή,
945 1242 989 1304 ὅτι

179 1331 220 1409 μή
234 1337 264 1391 ἐκ
276 1336 327 1392 τοῦ
341 1330 409 1395 Διός
418 1327 547 1407 μοῦνον.”
577 1339 581 1357 s
938 1411 940 1415 .

134 1422 172 1479 14
221 1420 280 1481 Καὶ
296 1422 385 1481 ταῦτα
404 1421 456 1496 μὲν
478 1423 506 1482 ἐς
525 1415 670 1494 Ἕλληνος
692 1419 874 1499 Αἰγυπτίοισι
894 1418 989 1498 ὀρθῶς

180 1508 280 1586 ἔχοντα
294 1508 408 1584 εἴρηται·
430 1505 499 1583 φέρε
513 1505 543 1565 δὲ
556 1509 605 1567 νῦν
618 1506 664 1565 καὶ
677 1503 789 1568 αὐτοῖσι
802 1509 989 1588 Αἰγυπτίοισι

180 1595 216 1658 οἷς
229 1596 286 1673 ἔχει
299 1593 411 1670 φράσω.
433 1593 458 1652 εἶ
466 1598 523 1669 σφι
536 1593 624 1663 θέλοι,
639 1593 675 1657 ὥς
685 1594 731 1653 καὶ
744 1593 883 1672 πρότερον
896 1595 987 1668 εἶπον,
1053 1609 1054 1616 ’

180 1681 201 1759 ἦ
213 1682 291 1762 χάρη
304 1680 323 1757 ἦ
337 1681 428 1759 ἔνερθε
441 1680 576 1759 Μέμφιος
588 1680 670 1763 (αὕτη
682 1680 737 1763 γάρ
752 1685 813 1743 ἐστι
830 1681 849 1759 ή
869 1681 986 1755 αὖξανο·

179 1770 261 1849 μένη)
275 1769 347 1831 κατά
366 1768 454 1851 λόγον
466 1774 516 1831 τοῦ
529 1772 736 1850 παροιχομένου
755 1771 859 1850 χρόνου
873 1776 901 1835 ἐς
914 1772 986 1852 ὕψος

180 1858 357 1928 αὐξάνεσθαι,
371 1857 446 1917 ἀλλο
458 1855 517 1933 τιή
532 1860 559 1917 οἶ
571 1857 658 1937 ταύτῃ
677 1858 812 1923 οἰκέοντες
825 1862 985 1941 Αἰγυπτίων

180 1944 360 2023 ποιήσουσα
382 1949 406 2005 εἰ
417 1944 490 2030 μήτε
501 1971 535 2027 γε
548 1944 650 2006 ὕσεταί
668 1953 724 2023 σφι
737 1945 757 2021 ή
774 1946 861 2025 χάρη,
881 1948 955 2025 μήτε
967 1950 983 2010 ἀ

182 2035 309 2114 ποταμός
322 2033 381 2099 οἶός
397 2033 421 2093 τ’
443 2035 524 2094 ἔσται
543 2038 570 2098 ἐς
587 2032 639 2097 τάς
659 2033 778 2112 ἀρούρας
793 2034 982 2113 ὖπερβαίνειν.

179 2124 199 2201 ἦ
218 2123 274 2205 γάρ
296 2123 330 2200 δή
346 2128 395 2184 νῦν
415 2147 454 2204 γε,
469 2118 547 2182 οὗτοι
568 2120 762 2197 ἀπονητότατα
780 2123 889 2201 καρπόν
905 2124 982 2202 κορί-

179 2214 274 2285 ζονται
287 2217 318 2271 ἐκ
330 2216 390 2294 γῆς,
403 2214 459 2271 τῶν
471 2234 503 2269 τε
515 2208 612 2269 ἄλλων
624 2208 774 2287 ἀνθρώπων
787 2210 917 2272 ἀπάντων
937 2214 982 2274 καὶ

102 2330 107 2342 ·
178 2305 234 2361 τῶν
247 2303 354 2360 λοιπῶν
367 2298 533 2378 Αἰγυπτίων·
554 2296 581 2356 οἳ
596 2293 659 2357 οὔτε
672 2296 781 2377 ἀρότρῳ
798 2297 980 2381 ἀναρρηγνάν-
1050 2362 1051 2366 Ἰ

179 2414 225 2450 τες
245 2387 369 2448 αὔλακας
384 2386 482 2464 έχουσι
501 2383 612 2455 πόνους,
630 2384 693 2445 οὔτε
714 2386 896 2458 σκάλλοντες,
918 2388 980 2449 οὔτε

180 2474 256 2534 ἀλλο
277 2471 456 2553 ἐργαζόμενα
477 2470 555 2531 σι’δὲν
574 2475 630 2532 τῶν
651 2470 740 2533 ὧλλοι
757 2471 898 2552 ἅνθρωποι
916 2477 980 2555 περὶ

179 2560 262 2636 λήϊον
274 2560 416 2620 πονέουσι·
445 2556 511 2617 ἀλλ’
525 2558 609 2619 ἐπεάν
622 2566 679 2636 σφι
692 2559 709 2621 ἀ
721 2561 848 2639 ποταμός
861 2560 979 2640 αὐτόμα-

178 2674 227 2712 τος
246 2646 372 2708 ἐπελθάν
392 2644 469 2726 ἀρσῃ
482 2645 532 2709 τάς
552 2645 679 2725 ἀρούρας,
694 2646 784 2727 άρσας
796 2649 826 2709 δέ
838 2648 979 2732 ἀπολείπῃ
1048 2678 1049 2689 ¹

180 2736 280 2809 ὀπίσω,
302 2734 367 2797 τότε
387 2737 505 2812 στείρας
525 2736 643 2801 ἕκαστος
664 2735 716 2812 τήν
737 2740 836 2797 ἑωυτοῦ
860 2736 979 2817 ἄρουραν

180 2824 322 2903 ἐσβάλλει
342 2828 370 2889 ἐς
393 2824 480 2899 αὐτήν
492 2822 533 2887 ὗς·
556 2823 640 2884 ἐπεάν
661 2824 691 2884 δέ
707 2825 891 2905 καταπατήσῃ
910 2833 979 2906 τῇσι

179 2912 230 2973 ῦσὶ
248 2912 282 2974 τό
301 2913 425 2991 σπέρμα,
440 2910 548 2988 ἄμητον
567 2910 601 2971 τό
617 2910 674 2971 ἀπό
692 2912 791 2973 τούτου
804 2914 889 2990 μένει·
910 2914 978 2977 ἀπο·

180 3000 296 3076 δινήσας
310 3000 341 3059 δὲ
352 3004 422 3079 τῇσι
433 2998 483 3058 όσὶ
495 2996 545 3058 τόν
559 3000 647 3068 σῖτον,
662 2998 733 3058 οὕτω
747 3001 897 3077 κομίζειιι.

133 3088 171 3145 15
211 3092 248 3146 Εἰ
269 3087 307 3147 ὧν
325 3085 492 3164 βουλόμεθα
510 3082 641 3163 γνώμῃσι
656 3088 725 3163 τῇσι
740 3085 837 3147 Ἰάνων
855 3090 979 3166 χρᾶσθαι

179 3173 216 3232 τά
234 3174 299 3251 περὶ
318 3174 470 3254 Αἴγυπτον,
484 3171 514 3229 οἵ
532 3174 607 3245 φασι
626 3169 659 3230 τό
673 3173 770 3232 Δέλτα
787 3178 892 3249 μοῦνον
911 3176 979 3238 εἶναι
1045 3242 1046 3247 ,

177 3259 330 3340 Αἴγυπτον,
337 3258 394 3319 ἀπό
404 3256 533 3336 Περσέος
543 3257 712 3333 καλεομένης
722 3264 842 3336 σκοπιῆς
851 3261 979 3341 λέγοντες
