2150 3500
139 109 250 176 83-36]
427 104 654 158 ΜΕΔΠΟΜΕΝΗ.
888 106 937 157 293

137 216 235 272 ρονται
247 189 296 252 καὶ
307 192 336 250 αἶ
349 185 430 267 κόραι
447 189 494 248 καὶ
506 190 533 248 οἶ
546 187 642 252 παῖδες
655 189 682 247 οἶ
695 185 816 264 Δηλίων·
837 188 867 246 οἱ
879 188 940 264 μὲν,

138 280 194 358 πρά
207 277 301 360 γάμου
310 277 458 354 πλόκαμον
471 274 697 352 ἀποταμνόμεναι
708 275 753 334 καὶ
763 274 826 350 περὶ
838 272 939 351 ἄτρακ-

139 393 189 428 τον
210 366 359 437 εἱλίξασαι,
380 364 427 424 ε’πὶ
446 364 480 425 τά
504 367 586 440 σῆμα
605 364 725 423 τιθεῖσι·Ἰ
744 360 788 442 (τά
810 363 840 421 δὲ
859 359 940 437 σῆμά

141 458 204 514 ἔστι
216 455 272 513 ἔσω
285 457 313 516 ές
323 451 357 512 τά
370 450 549 527 Ἀρτεμίσιον
563 447 667 510 ἐσιόντι
679 446 828 525 ἀριστερῆς
835 446 938 526 χειρός·

141 541 295 616 ἐπιπέφυκε
311 539 343 598 δέ
358 541 385 598 οἶ
401 537 504 615 ἐλαίη)
528 540 556 597 οἱ
576 537 606 597 δὲ
627 535 723 598 παῖδες
742 538 798 595 τῶν
818 535 939 612 Δηλίων,

140 629 207 705 περὶ
224 626 317 706 χλόην
333 625 396 686 τινά
413 625 563 694 εἱλίξαντες
578 628 633 685 τῶν
652 627 763 704 τριχῶν,
779 623 938 700 προτιθεῖσι

142 716 188 775 καὶ
207 712 285 775 οὗτοι
299 713 346 773 ἐπὶ
364 712 400 773 τά
419 717 510 788 σῆμα·
536 709 619 772 αὗται
637 713 689 789 μὲν
709 711 743 788 δή
765 709 871 787 ταύτην
889 710 941 786 τήν

142 801 227 879 τιμήν
242 803 340 880 ἔχουσι
357 799 428 876 πρδς
444 803 500 867 τῶν
515 799 613 875 Δήλου
627 799 786 877 οἰκητόρων.
819 799 896 858 Φασὶ
909 797 939 858 δὲ
949 799 986 856 35
1029 807 1032 813 “

143 892 172 948 οἱ
191 887 270 949 αύτοὶ
290 889 336 948 καὶ
354 887 407 963 τήν
420 885 530 968 Ἀργην
546 911 578 947 τε
597 887 644 946 καὶ
658 887 711 962 τήν
721 886 821 957 Ὦπιν,
838 885 939 948 ἐούσας

142 976 305 1054 παρθένους,
312 975 345 1045 ἐξ
354 975 551 1052 Ὑπερβορέων
560 975 631 1035 κατά
642 973 707 1038 τούς
720 971 940 1037 αύτοδςτούτους

143 1061 304 1140 ἀνθρύπους
315 1061 502 1140 πορευομένας
515 1061 666 1123 ἀπικέσθαι
679 1067 707 1126 ἐς
717 1065 815 1137 Δῆλον
823 1060 863 1122 ἔτι
872 1060 941 1139 πρό-

142 1174 225 1226 τερον
235 1149 391 1229 Ὑπερόχης
402 1170 434 1209 τε
447 1150 493 1208 καὶ
505 1149 653 1225 Λαοδίκης·
670 1147 772 1226 ταύτας
779 1149 836 1225 ’μέν
845 1174 893 1210 νυν
902 1151 939 1226 τῇ

143 1238 289 1316 Εἰλειθυίῃ
301 1237 501 1315 ἀποφερούσας
514 1236 576 1296 ἀντὶ
588 1240 639 1297 τοῦ
652 1235 789 1296 ὠκυτόκου
801 1235 851 1296 τὸν
862 1235 939 1305 ἐτάξ-

145 1350 213 1385 αντο
232 1325 323 1402 φόρον
342 1324 502 1384 ἀπικέσθαι·
527 1323 581 1400 τήν
599 1324 630 1383 δὲ
644 1322 753 1405 Ἀργην
771 1349 803 1383 τε
825 1323 872 1381 καὶ
890 1321 943 1398 τήν

141 1410 229 1473 Ὦπιν
245 1411 304 1490 ἅμα
322 1411 433 1473 αύτοῖσι
447 1415 524 1472 τοῖσι
540 1411 632 1472 θεοῖσι
649 1410 799 1472 ἀπικέσθαι
815 1411 942 1491 λέγουσι,

146 1501 196 1560 καί
205 1507 262 1576 σφι
273 1499 357 1577 τιμάς
369 1498 462 1562 άλλας
474 1498 607 1560 δεδόσθαι
618 1498 689 1577 πρδς
701 1499 807 1574 σφέωνὲ
828 1496 942 1578 καὶγὰρ

146 1586 266 1668 ἀγείρειν
280 1594 337 1663 σφι
352 1586 404 1652 τάς
420 1591 560 1668 γυναῖκας,
574 1585 801 1664 ἐπονομαζούσας
814 1584 851 1645 τά
865 1583 943 1644 ούνό·

146 1699 222 1752 ματα
235 1681 265 1736 ἐν
273 1679 312 1755 τῷ
320 1674 396 1755 ὕμνῳ
403 1673 454 1736 τόν
461 1681 518 1753 σφι
528 1673 695 1751 Ὠλήνάνήρ
704 1673 806 1738 Λύκιος
816 1672 941 1749 ἐποίησε·

147 1764 225 1840 παρά
244 1763 275 1823 δὲ
297 1764 554 1841 σφέωνμαθόντας
574 1762 710 1840 νησιώτας
731 1787 764 1823 τε
786 1763 832 1821 καὶ
847 1760 945 1824 Ἴωνας

147 1850 256 1926 ὑμνέειν
267 1849 357 1911 Ὦπίν
379 1876 411 1911 τε
431 1852 478 1911 καὶ
494 1850 612 1931 Ἀργην,
636 1849 823 1928 ὀνομάζοντάς
844 1875 876 1909 τε
898 1848 945 1909 καὶ

148 1937 317 2018 ἀγείροντας·
337 1937 432 2019 (οὗτος
450 1939 480 1998 δὲ
492 1937 509 1998 ά
521 1938 611 2013 Ὠλήν
625 1938 671 1998 καὶ
682 1937 749 2001 τούς
762 1937 868 1999 ἄλλους
879 1936 944 1999 τούς

148 2026 285 2090 παλαιούς
303 2025 405 2102 ὕμνους
429 2025 545 2101 ἐποίησε
572 2030 603 2085 ἐκ
628 2026 733 2101 Λυκίης
759 2024 856 2095 ε’λθών,
879 2023 945 2087 τούς

148 2112 321 2190 ἀειδομένους
337 2118 367 2173 έν
382 2113 493 2192 Δήλῳ)
502 2135 505 2142 ·
514 2114 560 2172 καὶ
575 2115 631 2173 τῶν
646 2113 752 2190 μηρίων
764 2112 945 2191 καταγιζομέ-

148 2226 202 2262 νων
214 2201 260 2260 έπὶ
272 2205 311 2281 τῷ
322 2203 411 2280 βωμῷ
422 2200 476 2276 τήν
488 2199 606 2269 σποδδν,
618 2199 722 2275 ταύτην
735 2200 781 2259 ἐπὶ
793 2198 845 2275 τήν
859 2197 946 2274 θήκην

148 2286 308 2363 τῆςὮπιός
326 2314 358 2348 τε
374 2288 420 2347 καὶ
432 2286 540 2368 Ἀργης
558 2279 779 2363 ἀναισιμοῦσθαιΙ
791 2280 944 2361 ἐπιβαλλο-

148 2377 244 2453 μένην·
264 2376 284 2451 ή
299 2376 329 2436 δὲ
347 2374 422 2451 θήκη
437 2374 541 2443 αύτέων
560 2374 622 2435 ἐστὶ
637 2374 739 2435 ὄπισθε
751 2379 803 2435 τοῦ
819 2373 946 2451 Ἀρτεμι-

149 2464 223 2534 σίου,
246 2464 317 2540 πρὸς
336 2462 380 2540 ἠῶ
400 2463 584 2540 τετραμμένη,
607 2462 752 2543 ἀγχοτάτω
773 2467 836 2525 rof·
850 2463 945 2539 Κηίων

150 2552 331 2629 ἱστιητορίου.
364 2550 423 2610 Καὶ
439 2554 528 2610 ταῦτα
544 2553 596 2627 μὲν
615 2549 810 2629 Ὑπερβορέων
826 2552 891 2628 πέρι
911 2550 993 2610 εί-36

149 2636 257 2715 ρήσθω·
277 2638 327 2699 τόν
338 2637 394 2719 γάρ
407 2638 473 2716 περὶ
483 2637 620 2716 Ἀβάριος
631 2638 719 2720 λόγον
730 2644 781 2700 τοῦ
793 2640 947 2720 λεγομένου

151 2724 221 2785 εἶναι
241 2724 421 2803 Ὑπερβορέω
441 2724 475 2786 οὗ
497 2726 581 2807 λέγω,
605 2726 696 2805 λέγων
716 2725 753 2790 ὦς
776 2726 827 2786 τδν
850 2725 947 2786 ἀύστόν

150 2813 297 2890 περιέφερε
309 2814 380 2873 κατά
392 2817 489 2874 πᾶσαν
500 2813 554 2889 τήν
566 2816 621 2892 γῆν
634 2811 713 2872 οὐδὲν
726 2810 895 2889 σιτεόμενος.
923 2816 948 2873 εἰ

150 2898 184 2958 δέ
194 2900 253 2960 εἰσί
262 2924 335 2965 τινες
345 2898 531 2977 Ὑπερβόρεοι
544 2893 698 2976 ἄνθρωποι,
706 2900 762 2959 εἶσὶ
776 2900 822 2959 καὶ
834 2898 949 2977 ύπερνά-

149 3012 206 3047 τιοι
217 2985 313 3049 ἄλλοι·
332 2991 407 3069 γελῶ
420 2988 451 3048 δὲ
462 2988 549 3065 ὁρέων
560 2991 613 3067 γῆς
629 2986 774 3064 περιόδους
788 2986 950 3067 γράψαντας

150 3075 278 3140 πολλούς
294 3075 358 3152 ἤδη,
374 3075 422 3135 καὶ
437 3075 493 3135 οὐδ’
510 3075 559 3135 ἕνα
576 3072 641 3135 νόον
660 3074 760 3154 ἔχοντα
776 3074 949 3155 ἐξηγησάμε-

151 3187 209 3223 νον·
230 3162 258 3222 οἳ
274 3161 408 3223 Ὠκεανόν
419 3187 451 3222 τε
462 3162 563 3240 ῥέοντα
578 3160 724 3243 γράφουσι
736 3160 819 3239 πέριξ
830 3161 883 3237 τήν
893 3166 950 3244 γῆν

151 3252 256 3313 εὀΰσαν
275 3249 443 3327 κυκλοτερέα
463 3248 499 3315 ἀς
518 3249 575 3311 άτδ
594 3247 702 3327 τόρνου,
716 3249 764 3311 καὶ
779 3247 831 3327 τήν
848 3247 950 3323 Ἀσίην
