2150 3500
90 151 202 216 ιιι-ιι]
417 153 580 202 mmm.
718 220 721 224 ¹
768 220 770 226 ,
845 157 893 209 ιιι

90 229 277 307 ἐποιήθησαν.
310 230 540 312 Παιηγυρίζουσι
553 233 584 293 δὲ
594 225 744 316 Αἰγύπτιοι
757 233 807 295 οῦκ
820 233 897 306 ἅπαξ
904 237 942 301 59

90 322 144 378 τοῦ
156 322 289 387 ἐνιαυτοῦ,
303 319 457 399 πανηγύρις
470 320 500 379 δὲ
512 321 628 400 συχνάς·
644 321 773 399 μάλιστα
785 324 837 399 μὲν
850 324 896 384 καὶ

90 405 294 483 προθυμότατα
323 411 352 470 ἒς
378 407 545 483 Βούβαστιν
571 409 657 470 πόλιν
682 413 719 489 τῇ
744 409 896 488 Ἀρτέμιδι·

90 492 209 571 δεύτερα
222 499 249 557 ἔς
262 493 397 571 Βούσιριν
409 494 495 555 πόλιν
507 494 621 575 τῇἸσι·
642 501 671 557 έν
686 495 776 576 ταύτῃ
793 497 849 579 γάρ
862 497 898 574 δὴ

90 584 130 658 τῇ
152 580 223 640 πόλι
246 581 309 641 ε’στὶ
331 582 467 662 μέγιστον
484 582 575 648 Ἴσιος
599 583 668 661 ἱρόν·
696 584 802 662 ἵδρυται
825 585 856 645 δὲ
877 584 898 664 ἦ

90 667 178 732 πόλις
190 668 262 745 αὕτη
274 672 325 745 τῆς
341 662 486 749 Αἰγύπτου
505 676 535 731 έν
550 672 629 750 μέσῳ
647 674 685 750 τῷ
704 673 809 731 Δέλτα·
824 671 900 737 Ἶσις

92 756 126 816 δέ
138 761 201 818 ε’στι
211 756 282 817 κατά
291 757 343 834 τήν
351 757 498 834 Ἑλλήνων
506 762 646 840 γλιῦσσαν
657 759 804 838 Δημήτηρ·
817 759 898 839 τρίτα

91 844 118 904 δ’
132 849 160 908 ε’ς
174 845 243 910 Σάῖν
256 843 343 906 πόλιν
355 849 392 923 τῇ
404 844 539 925 Ἀθηναίῃ
553 847 781 926 πανηγυρίζουσι·
802 848 897 926 τέταρ-

91 958 131 992 τα
145 932 175 992 δὲ
187 938 215 997 ές
226 932 416 993 Ἡλιούπολιν
427 938 467 1013 τῷ
483 933 584 1013 Ἡλίῳ·
604 934 719 1010 πέμπτα
735 934 765 994 δὲ
783 939 811 999 ἔς
828 941 900 996 Βου-

91 1023 162 1080 τοῦν
177 1021 263 1082 πόλιν
279 1025 316 1099 τῇ
337 1023 437 1097 Λητοῖ·
459 1021 524 1082 ἔκτα
545 1021 575 1081 δὲ
598 1026 625 1087 ές
646 1020 800 1101 Πάπρημιν
812 1022 898 1083 πόλιν

93 1112 135 1186 τῷ
155 1106 245 1184 Ἀρεῖ.
284 1107 332 1174 Ἐς
358 1109 411 1185 μέν
436 1135 486 1170 νυν
511 1110 679 1186 Βούβαστιν
704 1109 789 1170 πόλιν
815 1110 899 1171 ε’πεοὶν
907 1112 946 1171 60
1002 1139 1004 1144 ’

95 1195 270 1272 κομίζωνται,
284 1200 395 1256 ποιεῦσι
411 1197 514 1257 τοιάδε·
534 1196 661 1257 πλέουσί
675 1222 706 1257 τε
720 1197 776 1279 γάρ
792 1196 826 1273 δὴ
839 1197 899 1275 ἅμα

93 1282 193 1360 ἄνδρες
208 1285 328 1366 γυναιξὶ,
348 1286 395 1344 καὶ
411 1283 524 1345 πολλόν
538 1311 567 1345 τι
586 1285 698 1360 πλῆθος
718 1285 851 1362 ἑκατέρων
869 1291 899 1345 ἐν

96 1369 203 1451 ἑκάστη
221 1371 302 1450 βάρι·
329 1375 359 1432 αἱ
378 1372 431 1449 μέν
450 1373 521 1435 τινες
540 1375 596 1432 τῶν
614 1374 751 1451 μιναικῦν
774 1371 900 1448 κρόταλα

95 1459 214 1537 ἔχουσαι
234 1460 441 1538 κροταλίζουσι,
462 1462 490 1519 οἶ
510 1459 541 1519 δὲ
560 1457 694 1520 αύλέουσι
718 1457 789 1519 κατά
807 1457 900 1520 πάντα

94 1546 148 1607 τόν
158 1547 259 1609 πλόον·
277 1551 307 1607 αἱ
316 1547 347 1607 δὲ
360 1548 459 1607 λοιπαὶ
467 1550 595 1629 γυναῖκες
608 1548 654 1606 καὶ
667 1545 762 1624 ἄνδρες
774 1544 900 1608 άείδουσι

96 1636 145 1694 καὶ
163 1635 216 1700 τάς
234 1639 331 1715 χεῖρας
352 1637 507 1712 κροτέουσι·
528 1633 615 1695 ἐπεάν
631 1635 660 1695 δὲ
677 1636 811 1699 πλέοντες
828 1633 900 1696 κατά

94 1749 161 1784 τινα
177 1723 262 1785 πόλιν
283 1722 377 1800 άλλην
390 1723 532 1804 γένωνται,
550 1723 730 1804 ἔγχρίψαντες
746 1720 800 1801 τήν
812 1720 900 1803 βάριν

95 1815 134 1890 τῇ
156 1816 195 1892 γῇ
217 1816 329 1880 ποιεῦσι
351 1811 456 1872 τοιάδε·
477 1816 507 1871 αἱ
526 1812 578 1889 μέν
597 1836 669 1875 τινες
689 1814 745 1871 ’τῶν
764 1815 901 1892 γυναικιῦν

95 1904 211 1959 ποιεῦσι
222 1899 312 1977 τάπερ
331 1901 434 1976 εἴρηκα,
453 1900 528 1959 αἰδὲ
548 1898 705 1970 τωθάζουσι
717 1899 831 1974 βοῶσαι
848 1898 899 1961 τάς

98 1991 129 2047 έν
143 1991 180 2066 τῇ
197 1988 281 2048 πόλει
298 1986 386 2066 ταύτῃ
403 1990 545 2068 γυναῖκας·
567 1990 596 2046 αἱ
611 1985 634 2045 δ’
652 1985 807 2070 ὀρχέονται·
827 1988 857 2045 αἶ
875 1984 900 2045 δ’

97 2073 284 2153 α’νασύρονται
298 2073 491 2151 α’νιστάμεναι.
517 2078 606 2134 ταῦτα
618 2072 695 2151 παρά
707 2074 804 2134 πάσαν
816 2071 901 2132 πόλιν

96 2163 316 2241 παραποταμίην
336 2166 458 2223 ποιεῦσι·
479 2162 563 2222 ἐπεάν
583 2162 613 2222 δὲ
632 2159 783 2221 άπίκωνται
803 2165 831 2223 ές
849 2158 902 2235 τήν

98 2252 272 2328 Βούβαστιν,
299 2250 449 2329 ὁρτάζουσι
473 2248 601 2331 μεγάλας
620 2246 769 2329 άνάγοντες
791 2246 900 2311 θυσίας·

99 2337 146 2396 καὶ
159 2338 233 2403 οἶνος
249 2337 402 2416 άμπέλινος
419 2336 617 2414 άναισιμοῦται
634 2336 729 2396 πλέον·
739 2339 768 2396 έν
783 2337 820 2416 τῇ
833 2334 902 2415 ὁρτῇ

98 2425 187 2504 ταύτῃ
198 2424 218 2501 ἢ
231 2431 260 2487 ἐν
272 2430 311 2505 τῷ
323 2425 426 2486 άπαντι
439 2429 552 2505 ἐνιαυτῷ
565 2429 603 2505 τῷ
616 2425 760 2503 ἐπιλοίπῳ·
780 2429 902 2501 συμφοι-

97 2513 185 2573 τέωσι
205 2513 235 2573 δὲ
252 2512 269 2574 ὅ
285 2539 313 2573 τι
328 2512 399 2590 α’νηρ
422 2514 469 2573 καὶ
489 2512 562 2594 γυνή
584 2517 646 2574 ε’στι
666 2512 755 2591 (πλὴν
775 2512 902 2592 παιδίων)

99 2600 147 2660 καὶ
164 2605 193 2665 ές
211 2600 406 2678 ἐβδομήκοντα
423 2600 566 2679 μυριάδας,
589 2600 625 2665 οἷς
645 2602 672 2660 οἱ
694 2599 837 2679 ε’πιχάριοι
856 2600 906 2658 λέ-·

98 2713 194 2767 γουσι·
206 2693 295 2749 ταῦτα
307 2691 360 2767 μὲν
372 2689 407 2765 δὴ
419 2690 506 2769 ταύτη
520 2690 652 2750 ποιέεται.
678 2688 727 2749 Ἐν
740 2688 770 2748 δὲ
784 2687 902 2765 Βουσίρι
911 2687 946 2747 61

98 2776 169 2837 πόλι
188 2776 224 2842 άς
241 2776 378 2861 άνάγουσι
396 2781 432 2857 τῇ
448 2778 508 2838 Ἰσι
529 2779 582 2853 την
599 2776 692 2854 ὁρτὴν,
712 2776 818 2854 εἴρηται
835 2774 903 2853 πρό·

97 2864 181 2942 τερόν
192 2891 252 2942 μοι.
292 2865 443 2927 τύπτονται
455 2867 508 2942 μὲν
519 2865 575 2943 γάρ
591 2864 711 2940 δημετοὶ
730 2863 784 2939 τήν
802 2862 906 2938 θυσίην

97 2952 202 3018 πάντες
212 2956 258 3014 καὶ
271 2957 371 3024 πᾶσαι,
380 2952 510 3032 μυριάδες
520 2952 608 3030 κάρτα
620 2950 729 3011 πολλαὶ
741 2948 901 3026 ἀνθρώπων·
920 2942 923 2951 ’
944 2944 947 2952 “

96 3041 150 3102 τόν
162 3042 192 3102 δὲ
203 3042 354 3102 τύπτονται
367 3041 400 3101 ού
412 3066 462 3119 μοι
479 3038 559 3100 ὅσιόν
571 3043 633 3099 ε’στι
649 3039 753 3118 λέγειν.
793 3035 858 3097 ὅσοι
871 3035 905 3095 δὲ

99 3132 204 3205 Καρῶν
217 3130 273 3189 εἶσὶ
286 3133 316 3187 έν
329 3127 461 3209 Αἰγύπτῳ
475 3127 617 3195 οἰκέοντες,
638 3122 715 3185 οῦτοι
732 3124 762 3183 δὲ
774 3122 901 3201 τοσούτῳ

99 3217 141 3277 ἔτι
159 3216 238 3275 πλέω
256 3218 373 3274 ποιεῦσι
390 3214 504 3284 τούτων,
519 3214 578 3292 ὅσῳ
599 3213 645 3271 καὶ
664 3212 700 3271 τά
719 3212 835 3286 μέτωπα
856 3208 906 3273 κό·.

98 3326 218 3364 narrat
235 3301 404 3381 μαχαίρῃσι·
428 3303 474 3362 καὶ
494 3300 583 3377 τούτῳ
603 3299 658 3359 εἶσὶ
679 3298 762 3373 δῆλοι
782 3296 826 3357 ότι
845 3296 905 3357 εἶσὶι

989 3381 1047 3407 ⁴
1067 3394 1068 3463 ί
