2150 3500
180 122 210 168 4·ss
482 121 666 172 ἮΡΟΔΟΤΟΤ
942 118 980 182 [Ι.

180 199 220 259 ἔτι
237 199 281 259 καὶ
301 205 332 265 ἐς·
346 204 395 279 ἐμὲ
411 200 487 278 ἦσαν
505 201 551 262 ἐπὶ
566 205 617 262 τοῦ
635 199 762 277 σήματος
778 197 843 259 ἅνω·
860 199 910 258 καί
925 207 984 276 σφι

178 286 331 367 γράμματα
352 290 559 359 ἐνεκεκόλαπτο,
580 288 617 348 τό
645 289 759 347 ἔκαστοι
783 285 982 367 ἐξεργάσαντο·

181 374 227 432 καὶ
243 375 372 450 ἐφαίνετο
391 377 576 454 μετρεόμενον
590 376 624 436 τό
643 379 699 435 τῶν
718 374 885 435 παιδισκέων
902 376 984 454 ἔργον

180 460 227 522 ε’όν
235 462 381 542 μέγιστον.
409 468 459 523 τοῦ
469 464 524 545 γάρ
539 463 573 540 δὴ
583 463 682 523 Λυδῶν
693 461 782 538 δόμου
795 464 824 520 αἱ
836 463 984 542 θυγατέρες

180 549 361 625 πορνεύονται
376 554 469 611 πῶσαι
485 552 679 632 συλλέγουσαι
695 553 784 626 σφίσι
797 548 909 626 φερνὰς,
923 549 984 612 ἐςὸ

181 632 215 696 ἂν
228 636 419 713 συνοικήσωσι
431 643 514 699 τοῦτο
527 640 683 699 ποιέουσαι·
704 634 846 696 ἐκδιδόασι
859 636 890 696 δὲ
902 635 984 696 αὐταὶ

181 723 289 788 ἐωυτάς.
320 725 401 803 η’μὲν
414 725 448 804 δή
461 727 590 804 περίοδος
602 730 652 786 τοῦ
662 725 790 802 σήματος
803 724 859 783 εἰσὶ
872 724 983 784 στάδιοι

181 810 213 880 ἐξ
225 812 270 871 καὶ
283 811 333 871 δύο
346 815 465 892 πλέθρα·
482 814 515 874 τό
530 815 560 874 δὲ
574 813 652 891 εὖρός
665 819 728 874 ἐστι
740 812 851 890 πλέθρα
859 813 981 889 τριακαί-

181 897 255 956 δεκα.
296 899 383 976 λίμνη
404 902 433 960 δέ
453 903 546 981 ἔχεται
566 905 617 962 τοῦ
640 900 768 978 σήματος
789 898 909 980 μεγάλη,
930 899 983 975 Τῆν

179 985 298 1066 λέγουσι
312 987 400 1046 Λυδοὶ
420 987 530 1050 άείναον
548 989 626 1049 εἶναι·
647 991 777 1048 καλέεται
797 987 828 1046 δὲ
843 987 913 1064 αὕτη
929 994 982 1046 Γυ-

179 1073 256 1152 γαίη.
289 1078 373 1134 τοῦτο
386 1078 438 1151 μὲν
450 1076 485 1153 δη
498 1076 610 1137 τοιοῦτό
623 1081 693 1136 ἐστι.

132 1160 171 1219 94
219 1160 307 1220 Λυδοὶ
321 1161 350 1221 δέ
363 1163 477 1241 νόμοισι
485 1168 537 1242 μὲν
547 1163 775 1241 παραπλησίοισι
786 1163 922 1242 χρέωνται
935 1163 983 1221 καὶ

174 1246 323 1326 Ἕλληνες·
356 1252 440 1329 χωρὶς
453 1251 471 1329 ἢ
485 1251 530 1313 ὅτι
545 1252 582 1312 τό
595 1251 684 1328 θήλεα
697 1252 780 1311 τέκνα
797 1250 982 1328 καταπορνεύ-

180 1361 254 1396 ουσι.
281 1342 386 1414 πρῶτοι
396 1339 426 1398 δὲ
436 1339 595 1417 ἀνθρώπων,
606 1343 660 1400 τῶν
670 1339 750 1416 ἡμεῖς
759 1339 845 1415 ἴδμεν,
854 1337 983 1415 νόμισμα

179 1429 287 1504 χρυσοῦ
306 1425 352 1484 καὶ
371 1425 493 1507 οἶργάρου
512 1426 667 1505 κοψάμενοι
688 1425 855 1505 ἐχρήσαντο·
876 1429 983 1503 πρῶτοι

180 1511 210 1568 δὲ
223 1512 269 1569 καὶ
284 1511 406 1588 κάπηλοι
420 1515 557 1594 ἐγένοντο.
599 1514 674 1590 φασὶ
687 1514 717 1573 δὲ
733 1513 812 1573 αὐτοὶ
824 1513 920 1584 Λυδοὶ,
934 1514 982 1572 καὶ
1052 1588 1053 1603 η

178 1596 229 1660 τοὶς
242 1599 371 1679 παιγνίας
379 1599 430 1664 τάς
442 1605 490 1660 νῦν
499 1601 588 1677 σφίσι
596 1626 627 1661 τε
638 1602 685 1660 καὶ
691 1601 819 1677 Ἕλλησι
828 1599 982 1660 κατεστεῶ-
1052 1628 1053 1677 γ

179 1709 232 1749 σας
254 1689 359 1748 ἑωυτῶν
380 1686 517 1767 ἐξεύρημα
536 1690 678 1771 γενέσθαι·
699 1688 767 1767 ἅμαΙ
778 1689 809 1748 δὲ
827 1686 931 1753 ταύτας
949 1714 983 1749 τε
1052 1680 1053 1729 Λ

179 1773 353 1851 ἐξευρεθῆναι
384 1776 460 1853 παραὶ
487 1778 576 1854 σφίσι
602 1778 721 1859 λέγουσι
747 1777 794 1836 καὶ
823 1777 983 1855 Τυρσηνίην

179 1859 334 1921 ἀποικίσαι·
355 1860 407 1923 ῶδε
420 1865 485 1943 περὶ
498 1864 588 1926 αὐτῶν
601 1866 740 1947 λέγοντες·
760 1865 807 1924 ἐπὶ
814 1863 918 1929 'Amos
930 1870 982 1925 τοῦ

180 1949 282 2008 Μάνεω
294 1952 434 2026 βασιλέος
447 1953 592 2030 σιτοδηίην
609 1952 727 2032 ἰσχυρὴν
740 1952 793 2012 dud
810 1951 863 2028 τὴν
875 1953 983 2030 Λυδίην

179 2038 276 2096 πᾶσαν
287 2039 437 2119 γενέσθαι·
459 2041 505 2100 καὶ
520 2041 586 2103 τούς
600 2040 708 2103 Λυδούς
725 2040 791 2103 τέως
806 2043 857 2116 μὲν
875 2038 983 2120 διάγειν

178 2126 372 2202 λιπαρέοντας·
386 2126 457 2203 μετά
467 2128 506 2199 δὲ,
515 2128 551 2192 ῶς
561 2128 593 2188 οὖ
603 2128 751 2197 παύεσθαι,
760 2126 829 2186 άκεα
839 2128 981 2203 δίζησθαι·

179 2211 270 2274 ἄλλον
293 2215 323 2273 δὲ
343 2214 417 2275 ἄλλο
439 2218 667 2296 ἐπιμηχανᾶσθαι
687 2214 785 2275 αὐτῶν·
807 2216 983 2294 ἐξευρεθῆναι

181 2300 215 2375 δή
231 2300 267 2362 ῶν
279 2302 344 2362 τότε
358 2305 404 2362 καὶ
416 2308 472 2364 τῶν
492 2304 587 2380 κύβων
600 2305 646 2363 καὶ
663 2308 718 2364 τῶν
732 2303 920 2383 ἀστραγάλων
935 2305 983 2364 καὶ

178 2392 229 2462 τῆς
247 2391 372 2466 σφαίρης
390 2392 437 2449 καὶ
454 2396 509 2451 τῶν
527 2391 637 2453 α’λλέων
652 2393 765 2451 πασέων
779 2391 927 2471 παιγνιέων
944 2393 983 2452 τά
1050 2465 1051 2468 ¹

179 2475 251 2533 εἴδεα
269 2476 346 2552 πλὴν
366 2483 491 2538 πεσσῶν·
511 2478 617 2539 τούτων
635 2480 691 2560 γάρ
712 2478 750 2540 ῶν
768 2478 821 2555 τήν
841 2478 983 2556 ἐξεύρεσιν
1050 2495 1051 2536 3

179 2560 229 2623 οὐκ
243 2567 410 2639 οἶκηῖοΰνται
419 2566 515 2625 Λυδοί·
529 2567 632 2628 ποιέειν
642 2567 672 2626 δὲ
685 2565 737 2627 ῶδε
750 2566 821 2645 πρός
832 2566 883 2627 τόν
896 2568 982 2643 λιμόν
1050 2573 1051 2598 ¹

179 2650 347 2727 ἐξευρόντας·
381 2653 433 2729 τὴν
459 2657 511 2731 μὲν
539 2656 633 2733 ἑτέρην
655 2659 711 2715 τῶν
729 2654 853 2732 ἡμερέων
872 2656 983 2725 παίζειν

178 2741 275 2798 πᾶσαν
298 2738 342 2798 ἶνα
366 2739 400 2817 δὴ
421 2741 461 2819 μή
490 2743 611 2819 ζητέοιεν
637 2743 725 2803 σιτία·
755 2742 808 2817 τὴν
834 2742 864 2801 δὲ
885 2743 983 2819 ἑτέρην
1049 2815 1050 2818 ¹

181 2826 326 2887 σιτέεσθαι
338 2831 511 2907 παυομένους
519 2834 575 2890 τῶν
583 2830 739 2911 παιγνιέων·
759 2828 875 2908 τοιούτῳ
884 2829 982 2909 τρόπῳ
1049 2861 1050 2872 ·

121 2944 125 2953 =
178 2911 283 2994 διάγειν
301 2914 344 2973 ἐπ’
365 2916 427 2976 ἔτεα
440 2917 510 2977 δυῶν
530 2917 629 2977 δέοντα
644 2918 743 2977 ε’ίκοσι·
764 2917 826 2977 ἐπεί
838 2942 869 2976 τε
885 2916 916 2976 δέ
930 2916 982 2977 οὖκ

179 2998 283 3061 άνιέναι
302 3001 336 3063 τό
357 3003 442 3065 κακῶν
461 3004 527 3064 ἀλλ’
548 3005 594 3063 ἐπὶ
616 3008 730 3082 μᾶλλον
751 3005 791 3064 ἔτι
816 3003 981 3081 βιάζεσθαι,

179 3086 249 3146 οὕτω
270 3088 305 3165 δή
325 3089 375 3151 τόν
393 3092 521 3167 βασιλέα
541 3090 639 3162 αὐτῶν,
660 3090 710 3151 δύο
729 3090 829 3168 μοίρας
849 3090 981 3153 διελόντα

179 3173 277 3234 Λυδῶν
294 3177 412 3249 πάντων,
431 3183 576 3257 κληρῶσαι
594 3179 647 3255 την
660 3180 712 3255 μὲν
725 3180 771 3238 ἐπὶ
788 3182 864 3257 μονῇ
880 3177 933 3255 τὴν
950 3180 983 3239 δέ
1048 3253 1049 3258 ¹

179 3259 225 3317 ἐπὶ
236 3262 320 3343 ἐξόδῳ
334 3268 364 3323 ἔκ
377 3270 427 3341 τῆς
439 3266 540 3345 χώρης·
561 3267 608 3326 καὶ
621 3267 667 3325 ε’τὶ
678 3267 731 3343 μὲν
742 3269 779 3345 τῇ
788 3267 880 3342 μένειν
893 3266 982 3328 αι’ποῦ
