2150 3500
163 82 211 129 126
467 80 650 130 ἨΡΟΔΟΤΟΤ
915 75 975 139 [Π

161 160 198 221 τά
213 158 291 230 δεξιά
304 161 437 237 φέροντες
449 159 502 235 τὴν
517 163 607 239 χεῖρα,
622 157 770 238 Αίγύπτιοι
787 156 818 215 δὲ
835 153 896 215 άπά
909 157 976 215 τῶν

162 247 257 317 δεξιῶν
272 247 319 306 ε’πὶ
335 246 372 307 τά
388 246 531 324 α’ριστερά·
553 248 599 306 καὶ
615 249 755 308 ποιεῦντες
769 248 870 313 ταῦτα,
885 243 975 303 αὐτοὶ
1046 311 1047 316 η

162 336 215 412 μέν
224 342 299 412 φασι
312 335 358 394 έπὶ
368 334 443 404 δεξιοὶ
452 325 556 394 ποιέειν
563 333 707 409 Ἕλληνας
720 332 750 391 δὲ
763 331 805 390 ἐπ’
816 331 972 409 ἀριστερά.

163 423 325 499 διφασίοισι
337 423 367 482 δὲ
380 421 529 503 γράμμασι
542 424 685 502 χρέωνται·
704 421 749 480 καὶ
761 419 798 480 τοὶ
810 422 863 498 μὲν
874 419 973 480 αὐτῶν

164 511 211 587 ἱρά
221 511 257 570 τά
270 511 300 570 δὲ
313 509 449 587 δημοτικοὶ
461 511 598 572 καλέεται.

116 596 153 658 37
203 599 360 676 Θεοσεβέες
380 599 411 658 δὲ
430 602 573 675 περισσῶς
593 597 683 662 ε’όντες
702 596 832 674 μάλιστα
851 595 972 673 πάντων

163 684 321 763 ἀνθρώπων,
335 685 447 762 νόμοισι
462 685 597 745 τοιοίσιδε
609 686 753 765 χρέωνται.
788 689 818 744 ἐκ
834 687 971 763 χαλκέων

163 775 301 850 ποτηρίων
321 775 443 844 πίνουσι,
460 772 643 856 διασμέυντες
661 772 713 832 dud
731 774 830 832 πᾶσαν
845 772 968 849 ἡμέρην,

163 861 213 921 ούκ
233 861 251 922 ό
269 861 354 938 μένό
374 860 397 920 δ’
414 860 455 931 ού,
472 859 550 921 άλλά
567 860 677 925 πάντες.
712 861 812 937 εἵματα
832 860 862 921 δὲ
883 863 969 920 λίνεα

163 949 301 1026 φορέουσι
313 949 366 1009 αἰεὶ
378 942 526 1020 νεόπλυτα,
541 949 745 1026 ἐπιτηδεύοντες
756 952 841 1008 τοῦτο
856 949 967 1025 μάλισ-

162 1062 208 1096 τα.
236 1036 272 1096 τά
284 1063 316 1097 τε
328 1037 420 1097 αἰδοῖα
429 1037 644 1115 περιτάμνονται
657 1035 856 1115 καθαριότητος
866 1037 967 1097 εἵνεκε-

162 1129 350 1201 προτιμῶντες
367 1125 485 1202 καθαροὶ
503 1123 608 1201 εἶναιῆ
627 1125 852 1202 εὐπρεπέστεροι.
888 1127 917 1184 οἶ
935 1125 967 1184 δὲ

163 1213 233 1290 ἱρέες
247 1213 391 1290 ξυρεῦνται
402 1217 460 1274 πᾶν
472 1211 506 1272 τό
521 1216 605 1290 σῶμα
618 1212 664 1272 διά
680 1212 774 1290 τρίτης
788 1211 904 1290 ἡμέρης,
920 1213 966 1272 ἵνα

162 1300 234 1377 μήτε
248 1302 331 1380 φθεὶρ
340 1300 412 1379 μήτε
425 1300 501 1361 ἄλλο
513 1299 642 1379 μυσαρόν
654 1301 739 1378 μηδὲν
750 1301 896 1382 ε’γγίνηταί
907 1307 966 1377 σφι

162 1387 348 1466 θεραπεύουσι
370 1389 435 1453 τούς
457 1389 546 1452 θεούς.
587 1390 696 1468 ἐσθῆτα
719 1389 748 1447 δὲ
773 1389 913 1466 φορέουσι
936 1393 966 1448 οἱ

165 1479 234 1554 ἱρέες
247 1479 342 1554 λινέην
354 1477 468 1556 μούνην,
479 1479 526 1536 καὶ
534 1476 701 1554 ύποδὴματα
713 1477 852 1554 βύβλινα·
869 1476 965 1554 ἄλλην

163 1565 195 1624 δέ
209 1571 266 1641 σφι
281 1566 389 1641 ε’σθῆτα
409 1565 459 1624 οὔκ
479 1563 571 1635 ἔξεστι
589 1567 699 1642 λαβεῖν,
715 1564 778 1625 οὐδὲ
794 1565 965 1642 ὑποδήματα

163 1651 250 1712 ἄλλα.
284 1656 399 1712 λοῦνται
415 1652 446 1711 δὲ
465 1652 507 1716 δὶς
523 1658 575 1729 τῆς
591 1653 697 1731 ἡμέρης
716 1652 834 1728 ἑκάστης
856 1658 962 1734 ψυχρῷ,

163 1741 210 1801 καὶ
228 1741 269 1805 δὶς
286 1739 405 1817 ἑκάστης
422 1740 527 1805 νυκτός.
562 1739 653 1806 ἄλλος
670 1768 702 1802 τε
718 1741 854 1820 θρησκίιις
874 1746 963 1804 ἔπιτε-

163 1822 263 1889 λέουσι
285 1829 392 1906 μυρίας,
413 1828 450 1893 ὦς
470 1832 557 1890 εἰπεῖν
576 1828 663 1912 λόγῳ.
697 1830 846 1912 πάσχουσι
865 1830 896 1890 δὲ
916 1832 962 1891 καὶ

163 1917 256 1998 ἀγαθά
269 1916 319 1977 ούκ
331 1916 428 2005 Ιὀλίγα·
449 1916 554 1979 ούτετι
565 1918 621 2000 γάρ
633 1922 689 1980 τῶν
704 1920 815 1995 οἰκηίων
826 1920 962 1997 τρίβουσι

163 2005 227 2066 οὔτε
239 2006 435 2077 δαπανέωνται,
446 2006 524 2066 άλλοὶ
539 2008 584 2066 καὶ
598 2007 676 2067 σιτία
689 2008 747 2084 σφί
759 2012 820 2066 ε’στι
833 2006 880 2084 ἶροὶ
892 2034 961 2069 πεσ-

163 2095 279 2172 σόμενα,
302 2096 349 2155 καὶ
372 2100 457 2174 κρεῶν
479 2095 572 2173 βοέων
595 2096 641 2154 καὶ
666 2096 773 2175 χηνέων
797 2096 909 2171 πλῆθός
932 2123 961 2157 τι

164 2184 271 2264 ἑκάστῳ
284 2185 390 2265 γίνεται
405 2183 525 2255 πολλόν,
538 2182 644 2261 ἡμέρης
661 2182 788 2259 ἑκάστης·
809 2183 915 2243 δίδοται
930 2184 963 2245 δέ

150 2279 220 2348 ,σφι
237 2273 283 2330 καὶ
299 2271 373 2335 οἶνος
387 2271 550 2347 ἀμπέλινος.
584 2269 685 2351 ἰχθύων
701 2270 731 2329 δὲ
750 2268 783 2330 ού
795 2276 852 2347 σφι
870 2272 959 2341 ἔξεστι
999 2336 1003 2346 ,

162 2359 320 2419 πάσασθαι
364 2359 484 2441 κυάμους
507 2360 538 2418 δὲ
563 2358 626 2419 οὔτε
651 2385 679 2420 τι
704 2359 785 2436 μάλα
811 2361 959 2436 σπείρουσι

165 2446 311 2526 Αἰγύπτιοι
325 2451 355 2505 ἐν
366 2450 402 2523 τῇ
415 2446 500 2525 χώρη,
513 2446 579 2510 τούς
593 2472 625 2507 τε
636 2448 801 2528 γενομένους
816 2446 881 2507 οὔτε
892 2448 958 2526 τρό-

162 2558 247 2615 γουσι
267 2532 331 2593 οὔτε
351 2534 464 2611 ἕψοντες
483 2534 642 2595 πατέονται·
663 2538 690 2595 οἱ
708 2535 738 2594 δὲ
756 2534 790 2611 δὴ
809 2535 879 2612 ἶρέες
898 2535 958 2596 οὐδὲ

163 2620 287 2697 ὁρέοντες
300 2620 455 2700 ἀνέχονται,
471 2624 628 2700 νομίζοντες
644 2622 678 2681 ού
694 2622 818 2699 καθαρόν
829 2648 879 2700 μιν
892 2624 957 2683 εἶναι

162 2707 291 2787 ὄσπριον.
326 2712 418 2787 ἱρᾶται
430 2710 460 2769 δὲ
474 2710 524 2771 οὐκ
537 2711 576 2775 εἶς
589 2710 708 2771 ἑκάστου
723 2714 778 2771 τῶν
791 2712 869 2780 θεῶν,
883 2710 956 2770 ἀλλὰ

162 2799 269 2858 πολλοὶ
278 2801 334 2859 τῶν
344 2798 383 2863 εἶς
393 2804 454 2859 ε’στι
464 2798 621 2878 ἅρχιέρεως·
635 2798 719 2859 ε’πεοὶν
729 2798 760 2858 δέ
770 2823 813 2861 τις
822 2796 955 2879 άποθάνη,

162 2883 262 2945 τούτου
275 2886 291 2946 ό
304 2890 370 2948 παῖς
383 2885 619 2946 άντικατίσταται.

115 2973 154 3031 38
202 2972 274 3035 '1¹on-
296 2974 327 3031 δὲ
346 2976 419 3049 βοῦς
438 2974 503 3037 τους
526 2975 640 3049 ἔρσενας
661 2978 712 3033 τοῦ
734 2972 869 3050 Ἐπάφου
891 2975 955 3034 εἶναι

162 3059 315 3135 νομίζουσι,
339 3062 386 3119 καὶ
411 3059 512 3120 τούτου
539 3060 628 3119 εἵνεκα
654 3060 836 3138 δοκιμάζουσι
862 3060 956 3125 αὐτούς

162 3144 224 3205 ὧδε·
244 3150 331 3226 τρίχα
343 3146 378 3223 ἣν
399 3149 445 3206 καὶ
463 3149 531 3223 μίαν
546 3148 637 3221 ἴδηται
658 3154 797 3209 ε’πεοῦσαν
815 3150 955 3226 μέλαιναν,

162 3231 195 3291 ού
208 3234 331 3310 καθαρόν
341 3235 410 3293 εἶναι
419 3235 532 3305 νομίζει.
562 3233 668 3305 δίζηται
678 3236 804 3296 δὲταῦτα
816 3237 863 3295 ε’πὶ
872 3237 955 3307 τούτῳ
