2150 3500
173 65 207 112 αι
480 64 667 114 mmmmm*
946 63 983 130 [ι

172 139 282 213 πόλιος,
294 144 458 221 συνέβαλόν
468 170 501 206 τε
513 147 541 204 οἷ
554 142 735 220 Βαβυλώνιοι
747 143 985 210 καὶέσσωθέντες

171 234 210 309 τῇ
221 230 301 310 μιίχη
313 231 521 308 κατειλήθησαν
534 237 562 294 ἐς
573 230 607 292 τῦ
622 231 704 291 ἄστυ·
725 231 771 291 οἶα
789 231 820 290 δέ
832 230 984 300 ἐξεπιστά-

172 342 252 396 μενοι
264 321 304 378 ἔτι
316 318 452 397 πρότερον
466 319 518 380 τῦν
533 323 629 396 Κῦρον
643 318 693 378 οῦκ
706 317 897 396 ἀτρεμίζοντα,
911 319 983 378 ἀλλ’

172 403 297 482 ὁρέοντες
308 405 394 468 αῦτδν
405 407 489 468 παντὶ
502 408 574 468 ἔθνεϊ
586 405 688 483 ὁμοίως
701 406 899 485 ἐπιχειρέοντα,
909 433 981 483 προ-

172 492 310 562 εσάξαντο
322 495 400 555 σιτία
413 495 494 554 ἐτέων
506 493 596 573 κιίρτα
608 496 733 553 πολλῶν.
768 493 888 553 ἐνθαῦτα
900 493 981 556 οῦτοι

171 581 225 657 μέν
243 581 331 664 λόγον
351 583 427 661 εἶχον
441 585 493 658 τῆς
509 581 675 660 πολιορκίης
694 579 801 640 οῦδένα·
836 585 935 659 Κῦρος
949 584 980 644 δέ
1044 593 1045 662 ζ

170 667 307 748 ἀπορίῃσι
326 671 455 749 ἐνείχετο,
471 669 521 730 ἅτε
540 668 644 748 χρόνου
660 693 692 729 τε
709 669 888 750 ἐγγινομένου
906 696 979 749 συχ-
1044 671 1045 674 '

171 759 221 816 νοῦ
236 755 361 834 ἀνωτέρω
375 783 407 817 τε
424 757 503 818 οῦδὲν
517 761 573 817 τῶν
590 754 762 836 πρηγμαῖτων
782 761 978 835 προκοπτομέ-
1045 782 1046 844 η

128 844 181 902 191
192 869 254 904 νων.
293 844 360 904 Εἴτε
379 843 414 920 δή
435 844 472 905 ὧν
491 844 582 908 ἄλλος
602 847 630 904 οἶ
648 842 796 922 ἀπορέοντι
814 842 978 920 ὑπεθήκατο

170 932 227 991 εἴτε
245 931 293 992 καὶ
312 931 395 997 αῦτῦς
414 934 500 1010 ἐμαθε
518 931 553 992 τῦ
573 933 704 1008 ποιητέον
721 934 749 993 αἶ
763 929 806 1009 ἦν,
827 933 921 994 ἐποίεε
941 933 976 1010 δή

170 1019 286 1080 τοιόνδε·
304 1019 390 1090 τάξας
400 1021 454 1096 τήν
465 1020 601 1099 στρατιὴν
611 1019 726 1081 ἅπασαν
739 1019 770 1090 ἐξ
781 1021 912 1097 ἐμβολῆς
923 1028 976 1083 τοῦ

170 1111 299 1185 ποταμοῦ
310 1112 347 1187 τῇ
360 1113 388 1172 ἐς
399 1109 452 1186 τήν
460 1109 547 1170 πόλιν
560 1107 710 1185 ἐσβάλλει,
721 1108 768 1167 καὶ
780 1105 884 1168 ὄπισθε
896 1109 975 1175 αῦτις
1047 1183 1048 1188 ¹

170 1198 221 1271 τῆς
238 1195 339 1261 πόλεος
357 1196 443 1267 τάξας
463 1198 571 1275 ἐτέρους
589 1200 626 1275 τῇ
642 1195 708 1265 ἐξίει
723 1200 755 1255 ἐκ
771 1199 824 1271 τῆς
838 1195 941 1261 πόλιος
956 1198 974 1259 ὅ
1047 1209 1048 1230 ³

170 1284 304 1362 ποτομὸς,
316 1289 432 1364 προεῖπε
448 1289 487 1364 τῷ
504 1287 624 1363 στρατῷ,
641 1282 709 1344 ὅταν
725 1282 864 1359 διαβατὸν
877 1283 912 1345 u}
929 1286 974 1363 ῥέ·

171 1373 253 1448 εθρον
264 1373 374 1434 ἴδωνται
385 1372 543 1454 γενόμενον,
555 1373 660 1433 ἐσιέναι
672 1369 759 1450 ταύτῃ
772 1375 800 1452 ἐς
810 1370 864 1447 τήν
876 1372 973 1437 πόλιν.
1048 1389 1049 1398 ’

171 1459 241 1520 οὕτω
255 1486 287 1523 τε
302 1461 337 1537 δή
352 1461 439 1530 τιίξας
456 1461 502 1520 καὶ
520 1459 592 1521 κατὰ
608 1463 697 1520 ταῦτα
707 1460 887 1538 παραινέσας,
900 1459 974 1539 α’πή-

170 1550 256 1608 λαυνε
268 1547 352 1611 αῦτός
363 1548 418 1610 σῦν
430 1551 469 1627 τῷ
480 1547 587 1628 ἀχρηίῳ
596 1551 646 1610 τοῦ
656 1551 790 1624 στρατοῦ·
804 1545 974 1625 ἀπικόμενος
1049 1554 1050 1626 ή

172 1633 203 1694 δέ
218 1637 265 1695 ἐπὶ
279 1635 332 1711 τήν
347 1635 458 1713 λίμνην,
470 1634 507 1696 πεί
519 1660 573 1713 περ
585 1633 605 1712 ἤ
617 1639 673 1696 τιῦν
684 1636 874 1713 Βαβυλωνίων
884 1638 974 1713 βασί-

169 1725 234 1783 λεια
254 1723 370 1801 ἐποίησε
393 1722 464 1783 κατά
482 1749 515 1785 τε
536 1723 588 1785 τῦν
607 1721 736 1801 ποταμῦν
758 1722 806 1784 καὶ
828 1723 899 1786 κατὰ
920 1725 974 1803 τήν
1050 1782 1051 1785 ,

84 1848 91 1859 ·
170 1812 280 1890 λίμνην,
300 1813 391 1873 ἐποίεε
407 1812 454 1871 καὶ
468 1810 485 1872 ὅ
498 1815 593 1891 Κῦρος
610 1811 689 1889 ἐτερα
706 1814 832 1873 τοιαῦτα·
850 1811 901 1873 τόν
915 1814 973 1896 γὰρ

170 1899 297 1978 ποταμόν
318 1899 430 1980 διώρυχι
452 1899 600 1981 ἐσαγαγιδν
624 1904 652 1963 ἐς
672 1899 724 1975 τήν
744 1900 848 1977 λίμνην
869 1904 973 1963 ἐοῦσαν

170 1987 244 2059 ἕλος,
270 1988 304 2049 τῦ
328 1988 447 2067 ἀρχαῖον
466 1988 580 2067 ῥέεθρον
601 1985 738 2064 διαβατῦν
758 1986 828 2048 εἶναι
853 1990 973 2065 ἐποίησε

169 2072 415 2152 ῦπονοστήσαντος
432 2079 484 2138 τοῦ
502 2079 641 2152 ποταμοῦ·
661 2074 811 2157 γενομένου
829 2075 860 2135 δέ
871 2076 973 2151 τοῦτου

168 2164 304 2238 τοιοῦτον,
318 2168 345 2225 οἱ
357 2165 469 2242 Πέρσαι
486 2164 566 2241 οἷπερ
580 2162 730 2242 ἐτετάχατο
742 2161 785 2222 ἐπ’
798 2161 872 2242 αῦτῷ
882 2156 973 2247 τοίτιρ

170 2251 241 2313 κατὰ
259 2254 292 2315 τῦ
312 2254 426 2330 ῥέεθρον
442 2255 495 2313 τοῦ
514 2249 669 2330 Εὐφρήτεω
684 2254 822 2328 ποταμοῦ,
840 2249 973 2314 ῦπονενο·

169 2340 306 2414 στηκότος
317 2332 397 2415 ἀνδρὶ
408 2338 445 2403 ὦς
457 2344 486 2403 ἐς
497 2339 586 2415 μέσον
598 2337 689 2417 μηρδν
700 2337 829 2415 μάλιστά
842 2364 885 2416 κη,
899 2337 973 2402 κατὰ

168 2430 253 2487 τοῦτο
266 2425 388 2505 ἐσῄεσαν
401 2431 429 2489 ἐς
440 2425 492 2501 τήν
501 2428 671 2503 Βαβυλῶνα.
690 2430 715 2486 εἰ
725 2426 778 2503 μέν
789 2452 838 2487 νυν
849 2429 972 2505 προεπῦ·

170 2514 253 2574 θοντο
275 2512 295 2590 ἢ
318 2514 421 2591 ἔμαθον
444 2517 472 2573 οἱ
491 2513 671 2591 Βαβυλώνιοι
693 2514 727 2574 τδ
750 2519 781 2575 ἐκ
802 2519 853 2575 τοῦ
875 2516 973 2595 Κύρου

168 2600 340 2678 ποιεύμενον,
360 2601 417 2662 οὐδ’
436 2599 471 2663 ἂν
490 2601 658 2680 περιϊδόντες
676 2601 741 2666 τοῦς
753 2602 870 2681 Πέρσας
890 2608 972 2665 ἐσελ-

169 2689 228 2751 θεῖν
251 2694 279 2754 ἐς
298 2688 351 2767 τήν
372 2689 458 2751 πόλιν
481 2690 640 2770 διέφθειραν
664 2688 793 2751 κάκιστα·
822 2694 972 2769 κατακληΐ·

169 2803 269 2842 σαντες
285 2778 341 2861 γὰρ
359 2776 394 2839 ἂν
412 2777 508 2842 πάσας
526 2777 577 2841 ταὶς
596 2783 624 2842 ἐς
642 2778 693 2840 τῦν
711 2777 839 2856 ποταμόν
851 2780 972 2845 πυλιδας

170 2865 298 2945 ἐχοίσας,
312 2866 358 2926 καὶ
373 2864 453 2927 αῦτοὶ
471 2866 517 2926 ἐπὶ
531 2865 583 2930 τοὶς
598 2866 732 2943 αἱμασιὰς
748 2865 903 2942 ἀναβάντες
919 2868 972 2933 τὰς

169 2953 247 3030 παρὰ
265 2954 302 3015 ποῖ
319 2955 418 3034 χείλεα
436 2956 489 3014 τοῦ
507 2957 637 3029 ποταμοῦ
658 2953 840 3030 ἐληλαμένας,
862 2955 971 3032 ἔλαβον

168 3039 204 3100 α”ν
215 3047 308 3117 σφεας
319 3041 355 3106 ὥς
367 3047 397 3102 ἐν
409 3041 502 3118 κῦρτη·
523 3044 573 3100 νῦν
588 3038 618 3098 δέ
636 3040 668 3109 ἐξ
681 3039 895 3118 ἀπροσδοκήτου
913 3048 971 3119 σφι

168 3130 352 3205 παρέστησαν
361 3133 389 3188 οἱ
398 3128 524 3205 Πέρσαι,
542 3123 599 3185 ῦπδ
611 3126 641 3185 δὲ
653 3126 789 3209 μεγάθεος
797 3132 849 3203 τῆς
860 3128 970 3199 πόλιος,

169 3212 207 3276 ὦς
221 3216 335 3296 λέγεται
347 3214 403 3275 ῦπδ
419 3218 475 3275 τιῦν
492 3211 580 3291 ταύτῃ
598 3214 830 3291 οἰκημένων,-τῦν
848 3215 914 3291 περὶ
932 3215 972 3277 ταῖ
