2150 3500
84 121 239 187 101-104]
415 126 578 176 ςιοαταπ.
634 163 641 170 „
796 185 798 192 ,
851 129 898 178 ιω

82 201 228 280 ’φόμενος
254 203 376 282 ότέοισι
387 205 441 283 μέν
452 233 502 267 νυν
519 206 609 268 αὐτῶν
624 205 772 284 ἀλκίμοισι
790 205 899 289 ἐνετύγ-

82 315 165 369 χανε
182 291 228 350 καὶ
248 289 561 373 δεινῶςγλιχομένοισι
578 293 641 371 περὶ
660 297 715 370 τῆς·
732 295 897 372 ἐλευθερίης,

83 376 221 439 τούτοισι
232 381 285 456 μὲν
297 378 408 456 στήλας
421 380 519 456 ἐνίστη
530 386 559 444 ἐς
571 381 621 444 τοίς
635 379 735 460 χώρας,
749 381 794 441 διαὶ
806 408 898 463 γραμ-

83 465 189 551 μάτων
201 465 343 549 λεγούσας
358 466 392 527 τό
407 493 440 526 τε
460 471 562 528 ἐωυτοΰ
582 467 688 547 οὕνομα
708 469 754 529 καὶ
773 473 824 545 τῆς
842 470 896 530 πό·
926 547 930 554 ι

83 578 174 629 πρης,
183 555 230 614 καὶ
243 554 279 618 οἷς
291 553 392 632 δυνάμι
403 558 554 634 τῇέωυτοῦ
570 557 779 636 κατεστρέψατό
792 563 895 633 σφεας·

83 639 180 702 ότέων
194 642 225 702 δὲ
237 641 363 723 ἀμαχητὶ
376 643 422 702 καί
435 643 568 728 εὐπετέως
580 644 728 723 παρέλαβε
739 645 790 710 τοίς
801 647 893 717 πόλις,

82 727 221 789 τούτοισι
240 731 271 790 δέ
291 731 428 811 ἐνέγραφε
447 737 477 792 ἐν
488 736 558 812 τῇσι
578 733 705 812 στήλῃσι
725 733 795 793 κατιί
807 733 894 796 ταύτοί

84 815 140 874 καὶ
147 821 229 877 τοῖσι
242 816 400 895 ἀνδρηίοισι
411 822 467 879 τῶν
479 820 578 882 ἐθνέων
593 820 778 901 γενομένοισι·
799 822 845 880 καὶ
859 821 893 898 δή

84 903 138 960 καὶ
152 903 245 964 αἰδοῖα
256 903 387 986 γυναικός
398 908 620 989 προσενέγραφε,
632 907 706 983 δῆλα
718 907 893 985 βουλόμενος

83 991 196 1052 ποιέειν
208 991 244 1055 εἰς
257 993 356 1069 εἴησαν
368 993 522 1057 ἀνάλκιδες.
557 999 652 1055 Ταῦτα
665 995 695 1054 δὲ
707 995 807 1056 ποιέων
820 997 872 1056 διε·
883 999 939 1058 103

83 1077 152 1154 ξήῖε
164 1077 217 1155 τήν
230 1078 354 1158 ἤπειρον,
368 1085 396 1144 ἐς
409 1079 425 1142 δ
438 1087 469 1142 ἐκ
481 1086 531 1157 τῆς
544 1080 644 1159 Ἀσίης
658 1087 685 1146 ἐς
697 1081 750 1158 τήν
762 1081 900 1161 Εὐρώπην

84 1163 193 1241 δοαβιίς
205 1166 270 1230 τούς
281 1188 313 1228 τε
326 1167 435 1234 Σκύθας
447 1171 657 1251 κατεστρέψατο
673 1170 719 1236 καὶ
731 1170 796 1233 τούς
808 1171 891 1249 Θρήϊ-

83 1276 150 1315 κας·
185 1258 214 1317 ἐς
234 1253 350 1319 τούτους
371 1256 403 1315 δέ
421 1281 471 1332 μοι
492 1257 581 1316 δοκέει
601 1258 648 1316 καὶ
669 1256 701 1317 οὐ
722 1257 892 1334 προσώτατα

83 1337 243 1401 αἷπικέσθαι
255 1341 272 1401 ό
285 1341 440 1424 Αἰγύπτιος
452 1343 582 1420 στρατός·
604 1349 633 1402 ἐν
646 1344 765 1425 μὲνγὰρ
778 1347 815 1423 τῇ
828 1345 889 1405 τού-

83 1451 145 1486 των
152 1427 231 1507 χώρη
240 1429 388 1505 φαίνονται
395 1431 546 1497 σταθεῖσαι
554 1433 583 1490 αἰ
592 1435 706 1506 στῆλαι,
716 1431 749 1490 τό
761 1431 790 1490 δέ
800 1457 890 1509 προσ·
936 1456 938 1461 ’

83 1515 180 1592 οντέρω
195 1515 300 1576 τούτων
316 1515 418 1576 οὐκέτι·
440 1518 566 1578 ἐνθεῦτεν
587 1517 617 1576 δὲ
635 1519 807 1598 ἐπιστρέψας
827 1518 888 1580 ὀπί·

83 1627 132 1661 σω
148 1601 202 1678 ήῐε·
223 1604 270 1663 καὶ
287 1604 350 1663 ἐπεί
363 1630 395 1664 τε
405 1603 518 1686 ,ἐγένετο
536 1605 583 1664 ἐπὶ
601 1603 678 1665 Φάσι
696 1610 820 1686 ποταμῷ,
837 1607 888 1667 οὐκ

83 1690 143 1769 ἔχω
157 1690 191 1752 τό
204 1692 330 1752 ἐνθεῦτεν
343 1689 476 1769 ἀτρεκέως
494 1695 588 1764 εἰπεῖν,
603 1693 657 1754 εἴτε
676 1692 759 1759 αύτδς
772 1693 788 1755 ὁ
802 1696 888 1771 βασι·

82 1777 153 1841 λειίς
169 1778 330 1856 Σέσωστρις
345 1778 559 1858 ἀποδασάμενος
571 1785 622 1856 τῆς
636 1784 736 1843 ἑωυτοῦ
752 1787 886 1860 στρατιῆς

81 1864 187 1943 μόριον
200 1864 271 1928 ὅσον
283 1866 318 1943 δή
328 1866 413 1928 αύτοῦ
423 1868 556 1928 κατέλιπε
568 1873 623 1945 τῆς
628 1862 720 1950 χώρης
731 1870 884 1948 οἰκήτορας,

82 1954 143 2014 εἴτε
161 1958 217 2014 τῶν
231 1957 303 2018 τινές
322 1954 513 2032 στρατιωτέων
530 1959 568 2035 τῇ
587 1956 682 2035 πλοίνη
700 1956 784 2018 αὐτοῦ
804 1957 887 2037 οἰχθε-

81 2040 209 2112 σθέντες,
222 2043 287 2121 περὶ
299 2041 390 2103 Φόσιν
402 2043 531 2120 ποταμόν
544 2043 716 2119 κατέμειναν.

126 2130 277 2191 Φαίνονται
288 2132 340 2207 μὲν
359 2129 415 2212 γιίρ
434 2130 523 2193 ἐόντες
537 2133 565 2189 οἰ
582 2130 695 2210 Κόλχοι
708 2130 865 2213 Αἰγύπτιοι·
876 2134 934 2193 104

81 2215 192 2292 νοήσας
207 2217 238 2277 δέ
254 2216 390 2295 πρότερον
408 2216 491 2281 οὗτός
506 2216 525 2293 ἢ
543 2215 667 2281 α’κούσας
684 2217 788 2288 ἄλλων,
802 2217 886 2299 λέγω·
926 2268 936 2282 ,

82 2304 122 2368 οἷς
135 2304 166 2365 δέ
177 2331 228 2381 μοι
241 2310 271 2366 ἐν
289 2305 417 2382 φροντίδι
435 2303 553 2387 ἐγένετο,
571 2303 685 2383 εἰρόμην
700 2304 886 2384 ἀμφοτέρους·

82 2393 132 2451 καὶ
144 2397 262 2469 μᾶλλον
279 2396 307 2452 οἰ
327 2391 440 2472 Κόλχοι
455 2391 607 2470 ἐμεμνέατο
623 2396 678 2453 τῶν
697 2392 887 2474 Αἰγυπτίωνῆ

82 2482 112 2539 οἰ
133 2479 284 2560 Αἰγύπτιοι
302 2482 359 2540 τῶν
378 2479 510 2558 Κόλχων·
536 2480 657 2558 νομίζειν
680 2480 704 2540 δ’
726 2483 837 2558 ἔφασαν
860 2484 887 2543 οἰ
923 2494 937 2507 “

82 2567 236 2648 Αἰγύπτιοι
248 2571 299 2644 τῆς
312 2565 489 2645 Σεσώστριος
502 2572 638 2646 στρατιῆς
651 2569 720 2630 εἰναι
732 2570 797 2635 τούς
809 2570 887 2631 Κόλ-

82 2680 163 2735 χους.
204 2654 288 2719 αι’ντδς
313 2654 343 2713 δέ
363 2654 464 2715 εἴκασα
482 2656 558 2735 τῇδε,
582 2657 628 2716 καὶ
648 2655 692 2718 ὅτι
710 2657 887 2739 μελόγχροές

84 2746 142 2802 εἰσι
156 2741 204 2802 καί
216 2741 389 2822 οὐλότριχες·
410 2742 457 2802 καὶ
475 2747 561 2804 τοῦτο
578 2746 630 2821 μέν
643 2749 671 2807 ἐς
688 2744 766 2805 ου’δέν
782 2744 886 2820 ἀνήκει·

85 2828 143 2889 εἰσί
154 2832 211 2910 γιίρ
225 2830 272 2890 καί
286 2830 374 2908 ἕτεροι
386 2834 516 2891 τοιοῦτοι·
537 2831 615 2889 ἀλλιί
631 2832 737 2891 τοισιδε
755 2832 801 2890 καὶ
813 2836 886 2908 μᾶλ-

84 2919 147 2989 λον,
160 2916 205 2978 ότι
217 2922 318 2996 μοῦνοι
330 2918 445 2979 πόντων,
453 2916 604 2996 ἀνθρώπων
617 2917 730 2995 Κόλχοι
744 2918 789 2975 καὶ
802 2918 887 2999 Αἰγό-

85 3031 164 3066 πτιοι
191 3006 239 3065 καὶ
264 3006 397 3069 Αἰθίοπες
422 3004 637 3082 περιτάμνονται
663 3002 710 3062 ἀπ’
737 3003 827 3083 ἀρχῆς
850 3003 887 3065 τό

86 3092 188 3153 αἰδοῖα·
209 3093 337 3155 Φοίνικες
353 3094 384 3152 δέ
402 3092 448 3150 καὶ
463 3092 549 3168 Σύροι
562 3094 590 3149 οἱ
607 3095 636 3150 ἐν
653 3093 689 3169 τῇ
708 3091 888 3169 Παλαιστίνη

87 3181 135 3239 καὶ
147 3179 228 3240 αύτοί
241 3178 431 3261 ὁμολογέουσι
443 3177 508 3255 παρ’
519 3177 678 3258 Αἰγυπτίων
689 3176 887 3254 μεμαθηκέναι,
951 3182 953 3185 ’

88 3266 187 3345 Σύριοι
204 3268 236 3327 δέ
251 3270 279 3328 οἶ
296 3267 362 3348 περὶ
378 3264 562 3344 Θερμώδοντα
575 3264 622 3323 καὶ
635 3262 791 3341 Παρθένιον
802 3288 890 3347 ποτα·Ι
