2150 3500
120 114 183 181 121]
448 119 611 172 αιυινιιιι
873 120 919 172 ιιι

119 192 295 272 ἐπετελέσθη
306 194 340 258 τδ
357 197 467 273 οἴκημα,
481 196 530 259 τδν
545 199 598 274 μὲν
609 198 736 275 βασιλέα
749 199 920 277 θησαυρίσαι

118 283 156 343 τιί
167 281 300 362 χρήματα
313 287 343 343 έν
355 283 437 363 αύτῷ·
453 285 557 364 χρόνου
571 285 600 346 δὲ
612 285 774 363 περιϊόντος,
788 287 838 348 τόν
848 291 920 348 οἰκο·

118 370 206 448 δόμον
222 372 287 449 περὶ
299 372 433 448 τελευτὴν
444 376 495 433 τοῦ
506 373 576 449 βίου
593 372 674 434 ε’όντα
687 371 920 437 ἀνακαλέσασθαι

117 459 184 522 τούς
201 459 310 530 παῖδας,
323 459 406 541 (εἰναι
421 459 476 542 γαὶρ
489 460 562 540 αὐτῷ
575 459 645 539 δύο,)
659 460 785 521 τούτοισι
803 461 833 522 δὲ
849 461 919 540 α’πη-

117 547 267 629 γήσασθαι
286 548 322 612 ιύς
340 550 448 610 ἐκείνων
465 549 607 627 προορέων
624 547 693 612 ὅκως
710 550 778 626 βίον
794 550 920 627 όφθονον

118 637 215 714 ἔχωσι,
238 637 407 716 τεχνάσαιτο
434 637 601 714 οἰκοδομέων
625 634 675 698 τόν
699 639 842 716 θησαυρόν
867 644 919 702 τοῦ

116 724 268 800 βασιλέος·
288 724 402 799 σαφέως
422 724 452 784 δὲ
468 723 579 785 αύτοῖσι
598 723 690 785 πόντα
710 725 920 808 ἐξηγησάμενον

115 810 154 870 τιί
171 811 238 888 περὶ
256 810 309 887 τήν
326 811 465 888 ἐξαίρεσιν
481 815 532 872 τοῦ
547 812 643 883 λίθου,
660 811 754 874 δοῦναι
772 813 808 874 τό
828 817 918 894 μέτρα

116 896 212 971 αὐτοῦ,
224 898 344 978 λέγοντα
354 896 390 964 ὦς
402 901 490 958 ταῦτα
501 897 745 975 διαφυλάσσοντες
757 903 855 978 ταμίαι
863 907 919 964 τιδν

115 987 259 1062 βασιλέος
267 985 417 1066 χρημάτων
427 987 548 1047 έσονται.
575 987 621 1047 καὶ
630 985 679 1048 τδν
687 989 739 1064 μὲν
748 994 917 1068 τελευτῆσαι

115 1072 170 1134 τόν
180 1075 256 1150 βίον,
270 1075 335 1138 τούς
347 1074 377 1134 δὲ
393 1073 495 1139 παῖδας
507 1073 592 1135 αύτοΰ
606 1073 656 1136 ούκ
668 1078 701 1140 ῗές
712 1076 823 1154 μακρήν
836 1079 919 1160 ἔργου

115 1162 243 1241 ἔχεσθαι,
257 1161 425 1227 ἐπελθόντας
443 1162 473 1223 δὲ
489 1163 535 1222 ε’πί
552 1162 589 1223 τό
600 1163 744 1240 βασιλήῖα
757 1165 855 1230 νυκτδς
871 1168 918 1228 καὶ

114 1250 169 1311 τόν
185 1251 268 1311 λίθον
283 1251 329 1310 ε’πί
347 1255 385 1330 τῷ
400 1249 603 1328 οἰκοδομήματι
620 1250 792 1328 α’νευρόντας,
809 1254 919 1330 ῥηϊδίως

113 1338 379 1418 μεταχειρίσασθαι,
397 1339 444 1398 καὶ
462 1341 518 1398 τῶν
532 1337 684 1418 χρημάτων
703 1339 801 1399 πολλὰ
821 1341 917 1411 ἐξενεί-

115 1428 233 1488 κασθαι·
262 1452 298 1490 ως
320 1426 351 1486 δέ
376 1430 470 1506 τυχεῖν
491 1452 542 1488 τον
564 1428 692 1504 βασιλέα
714 1426 918 1498 ἀνοίξαντα
884 1455 917 1490 το

115 1515 229 1625 οἴκημα,
244 1513 391 1592 θωυμόσαι
408 1513 501 1575 ἰδόντα
516 1519 573 1575 τῶν
584 1513 735 1595 χρημάτων
747 1515 917 1602 καταδεᾶ
881 1543 917 1578 τα

114 1600 232 1684 α’γγήῐα·
260 1602 310 1663 ούκ
332 1603 406 1682 ἔχειν
429 1600 499 1662 δὲ
482 1627 515 1663 ον
537 1627 600 1663 τινα
623 1607 788 1676 ε’παιτιοῖται,
809 1609 864 1666 τῶν
886 1630 918 1665 τε

115 1688 286 1769 σημόντρων
301 1689 401 1752 ε’όντων
416 1689 496 1752 σόων
514 1691 561 1751 καὶ
578 1694 628 1753 τοῦ
647 1691 797 1770 οἰκήματος
815 1696 918 1754 κεκλει-

114 1779 212 1855 μένου·
233 1778 270 1843 οἷς
289 1778 320 1839 δί
339 1778 413 1860 αύτῷ
432 1780 479 1839 καί
498 1779 540 1845 δὶς
557 1781 607 1841 ’καί
625 1782 686 1857 τρὶς
705 1779 845 1851 ἀνοίξαντι
864 1785 918 1841 αἰεί

116 1865 235 1927 έλόσσω
252 1867 403 1943 φαίνεσθαι
420 1866 456 1928 τό
473 1866 614 1947 χρήματα,
629 1867 704 1948 (τούς
721 1867 777 1949 γὰρ
796 1868 918 1934 κλέπτας

116 1952 168 2014 ούκ
188 1954 292 2015 ἀνιέναι
312 1955 507 2037 κεραΐζοντας)
523 1956 645 2032 ποιῆσαί
661 1981 711 2032 μιν
730 1956 805 2015 τόδε·
825 1956 918 2038 τόγας

115 2041 276 2120 προστόξαι
294 2041 479 2124 έργόσασθαι,
497 2043 543 2101 καί
561 2042 664 2106 ταύτας
679 2042 744 2119 περὶ
760 2043 797 2101 τιί
814 2042 918 2124 όγγήϊα

116 2135 149 2190 έν
167 2134 244 2191 τοῖσι
264 2130 301 2191 τό
320 2129 452 2209 χρήματα
472 2134 537 2206 ε’νῆν
557 2133 674 2205 στῆσαι·
694 2133 750 2189 τῶν
769 2128 799 2189 δὲ
818 2134 918 2207 φωρῶν

116 2217 214 2297 ὥσπερ
227 2224 256 2280 έν
266 2222 312 2298 ,τῷ
324 2216 379 2296 πρδ
395 2222 447 2279 τοῦ
460 2216 552 2296 χρόνῳ
566 2216 712 2286 ἐλθόντων,
727 2216 772 2275 καὶ
791 2215 917 2282 ἐνδύντος

115 2311 169 2367 τοῦ
192 2309 287 2385 ἑτέρου
306 2306 405 2376 αὐτῶν,
427 2306 488 2366 ε’πεὶ
508 2304 580 2383 πρδς
597 2302 632 2381 τδ
653 2303 740 2387 όγγος
760 2306 917 2383 προσῆλθε,

116 2396 196 2459 ἰθέως
208 2400 244 2475 τῇ
255 2394 332 2477 πόγῃ
346 2394 501 2473 ἐνέχεσθαι·
521 2392 558 2457 ὥς
570 2393 600 2453 δὲ
612 2397 714 2475 γνῶναι
727 2391 813 2455 αύτδν
826 2397 856 2454 έν
868 2394 918 2475 οἶιρ

117 2487 193 2563 κακῷ
204 2482 247 2560 ἦν,
259 2484 337 2547 ἰθέως
349 2482 459 2560 καλέειν
468 2483 518 2543 τόν
527 2480 668 2558 α’δελφεδν
676 2481 723 2541 καί
735 2481 839 2559 δηλοῦν
846 2481 919 2563 αύτῷ

115 2572 153 2633 τιί
163 2571 311 2650 παρεόντα,
321 2597 368 2631 και
357 2568 547 2636 κελεύειν
511 2595 565 2645 την
573 2571 713 2651 ταχίστην
723 2570 868 2632 ἐσδύντα
849 2597 918 2631 απο-

115 2660 231 2771 τόμνειν
250 2659 335 2720 αὐτοῦ
352 2684 405 2734 την
421 2656 592 2734 κεφαλὴν,’
575 2683 645 2722 οκως
660 2658 701 2736 μή
719 2657 802 2724 αύτδς
820 2657 920 2737 ὀφθεὶς

117 2774 166 2808 και
154 2745 370 2829 γνωρισθεὶς*
353 2773 385 2810 ος
400 2747 443 2823 εἴη
456 2748 672 2824 προσαπολέσει
686 2746 732 2806 καί
748 2751 860 2808 ἐκεῖνον·
880 2750 919 2826 τῷ

116 2835 149 2895 δὲ
161 2834 241 2905 δόξαι
254 2834 283 2895 εὖ
296 2835 398 2916 λέγειν,
410 2834 457 2894 καί
469 2834 592 2910 ποιῆσαί
602 2858 651 2911 μιν
660 2834 812 2895 πεισθέντα
820 2836 919 2895 ταῦτα·

117 2923 165 2983 καὶ
181 2920 399 3000 καταρμόσαντα
414 2921 463 2983 τδν
478 2920 561 2982 λίθον
578 2920 689 2980 α’πιέναι
709 2919 751 2981 ἐπ’
765 2920 851 2991 οἰκου,
870 2922 919 2998 φέ-

115 3036 205 3089 ροντα
227 3010 280 3087 τὴν
304 3008 432 3085 κεφαλὴν
454 3013 506 3070 τοῦ
529 3008 677 3085 ἀδελφεοῦ.
721 3007 756 3071 ὥς
779 3008 810 3068 δὲ
829 3007 920 3087 ἡμέρη

118 3097 239 3180 ἐγένετο,
253 3096 408 3158 ἐσελθόντα
423 3095 473 3157 τδν
485 3095 615 3173 βασιλέα
632 3100 660 3158 ές
676 3092 709 3155 τδ
723 3094 826 3172 οἴκημα
843 3100 921 3157 ἐκπε-

83 3217 85 3220 ·
119 3186 259 3264 πλῆχθοι,
272 3182 390 3261 όρέοντα
406 3182 440 3244 τδ
458 3188 542 3260 σῶμα
559 3186 610 3243 τοῦ
626 3181 720 3261 φωρδς
739 3186 769 3243 έν
788 3185 825 3262 τῇ
844 3182 923 3265 πόγῃ

119 3270 187 3332 ἄνευ
199 3276 251 3347 τῆς
264 3274 391 3348 κεφαλῆς
404 3270 458 3343 έδν,
471 3269 504 3330 τό
518 3270 548 3329 δὲ
563 3271 667 3350 οἴκημα
678 3268 782 3342 οἷσινές,
796 3269 843 3332 καὶ
860 3268 924 3333 ούτε
