2150 3500
187 133 236 188 174
484 137 668 189 ἨΡΟΔΟΡΟΡ

96 278 100 284 .
185 211 353 291 ἅκμάζουσα
370 215 505 282 Ῥοδῶπις
527 215 595 277 ἀλλ’
618 215 652 277 οῦ
675 212 747 275 κατά
767 215 879 276 τοῦτον·
912 211 999 274 ἔτεσι
1058 279 1060 282 ,

185 300 242 382 γάρ
255 301 343 380 κάρτα
360 308 499 365 πολλοῖσι
513 304 633 383 ὕστερον
648 302 752 364 τοῦτον
767 305 824 362 τῶν
840 300 997 378 βασιλέων

185 388 303 454 τῶντὰς
315 392 471 469 πυραμίδας
482 391 585 456 ταῦτας
593 391 628 468 ἦν
641 390 806 467 λιπομένων,
817 387 996 471 [Ῥοδῶπις]

186 476 285 557 γενεην
296 480 348 556 μέν
366 478 422 540 άπό
435 479 565 557 Θρηίκης·
586 478 674 555 δοῦλη
687 478 717 539 δέ
733 475 768 554 ἦν
779 476 929 554 Ἰάδμονος
942 481 996 536 τοῦ

186 563 432 642 Ἡφαιστοπόλιος
443 566 542 645 άνδρδς
555 566 671 642 Σαμίου,
685 564 839 628 σύνδουλος
852 563 884 624 δέ
896 563 995 624 Αίσιί·

188 678 244 712 που
254 658 305 714 τοῦ
318 657 481 736 λογοποιοῦ·
495 655 542 714 καὶ
554 653 610 736 γάρ
623 651 703 717 οῦτος
711 651 856 731 Ἰάδμονος
869 652 994 732 ἐγένετο,

188 738 226 804 ῶς
244 740 345 811 διέδεξε
360 742 477 822 τῇδε
443 768 494 803 ουκ
511 741 624 819 ἥκιστα·
645 741 708 801 ἐπεί
723 765 755 800 τε
774 740 830 821 γάρ
844 739 995 804 πολλάκις

188 828 386 904 κηρυσσόντων
404 833 556 908 Δελφῶν’
543 857 573 890 εκ
591 825 815 911 θεοπροπίου“
797 852 829 891 ος
847 826 994 903 βούλοιτο

186 915 288 991 ποινήν
306 942 357 993 της
369 917 505 978 Αῦσῶπου
524 920 619 999 ψυχῆς
637 913 812 987 άνελέσθαι,”
827 913 975 979 άλλος
938 941 993 992 μιν

188 1000 277 1067 οῦδεῖς
302 1004 401 1082 ἐφάνη,
426 1005 570 1118 Ἰάδμονος
603 1005 634 1066 δέ
665 1002 764 1068 παιδός
795 1006 870 1074 παῖς,
897 999 993 1067 ἄλλος

187 1088 312 1168 Ἰάδμων,
338 1092 474 1155 άνείλετσ·
514 1120 586 1156 ουτω
615 1094 661 1154 καὶ
686 1093 818 1156 Αισωπος
841 1089 992 1167 Ἰάδμονος

143 1179 200 1237 135
209 1181 328 1260 ἐγένετο.
353 1181 488 1247 Ῥοδῶπις
500 1182 531 1243 δέ
544 1187 572 1247 ἐς
584 1183 727 1264 Αἴγυπτον
739 1178 862 1249 α’πίκετο,
873 1178 991 1242 Ξάνθεω

188 1270 239 1327 τοῦ
252 1270 360 1348 Σαμίου
373 1272 550 1348 κομίσαντος·
566 1269 720 1346 ἀπικομένη
731 1268 762 1328 δέ
774 1265 833 1327 κατ’
842 1267 989 1348 ἐργασίην,

190 1355 276 1433 ἐλύθη
290 1357 441 1437 χρημάτων
457 1359 588 1440 μεγάλων
605 1356 660 1419 ῦπῦ
675 1354 775 1433 άνδρός
792 1355 990 1431 Μυτιληναίου
1023 1439 1025 1442 Ι

189 1444 330 1520 Χαράξου,
342 1450 393 1507 τοῦ
409 1445 667 1525 Σκαμανδρωνύμου
684 1443 783 1508 παιδός
802 1440 948 1519 ἀδελφεοῦ
960 1444 990 1504 δέ

190 1532 327 1607 Σαπφοῦς
351 1538 402 1610 τῆς
423 1537 616 1648 μουσρποιοῦ·
650 1532 721 1594 οὕτω
746 1531 781 1608 δη
806 1529 827 1608 ἦ
851 1529 990 1597 Ῥοδῶπις

112 1652 125 1665 -·
189 1619 368 1697 ἃωθεράθη,
387 1647 434 1681 και
448 1619 592 1701 κατέμεινέ
602 1647 634 1683 τε
651 1625 680 1684 ἐν
690 1618 825 1733 Αίγρίπτω
840 1643 888 1678 και
899 1618 989 1697 κάρτα

188 1705 374 1818 ἐπαφρόδιτος
394 1710 530 1789 γενομένη
550 1709 699 1794 μεγάλα’
684 1707 824 1785 εκπὴσατο
844 1707 988 1787 χρήματα,

189 1792 228 1857 ῶς
241 1792 276 1854 ἂν
293 1795 364 1857 εἶναι
374 1797 550 1871 Ῥοδῶπινᾙ
532 1799 603 1877 ατυὶρ
620 1798 670 1860 οῦκ
690 1796 725 1861 ὥς
743 1822 778 1879 γε
797 1799 826 1860 ἐς
844 1797 988 1873 πυραμῶα

187 1881 319 1960 τοιαῦτην
331 1884 481 1955 ἐξικέσθαι·
500 1889 553 1963 τῆς
568 1886 625 1969 γάρ
640 1886 693 1962 τὴν
713 1883 830 1960 &xm
846 1908 902 1943 ''⁰''
918 1908 988 1963 ΧΡη·

189 1969 284 2048 μάτων
300 1972 435 2035 ἰδέσθαι’
421 2000 483 2035 εστι
472 1973 535 2035 έτι
549 2000 596 2034 και
611 1980 640 2039 ἐς
655 1973 719 2036 τόδε
734 1972 819 2033 παντὶ
830 1997 870 2052 τιρ
854 1973 987 2048 βουλο·
1056 2034 1057 2045 2

188 2059 270 2139 μένῳ,
299 2059 378 2124 οῦδὲν
410 2062 454 2123 δεῖ
479 2062 593 2143 μεγάλα
618 2065 646 2122 σί
671 2060 803 2141 χρήματα
835 2058 986 2121 ἀναθεῖναι·

190 2147 350 2227 ἐπεθύμησε
374 2150 430 2233 γάρ
455 2151 590 2215 Ῥοδῶπις
615 2150 755 2228 μνημήῖον
781 2150 883 2225 ἐωυτῆς
902 2152 986 2229 ἐντῇ
1055 2171 1056 2194 ¹

188 2234 308 2297 Ἑλλάδι
320 2239 534 2310 καταλιπέσθαι,
547 2240 654 2317 ποίημα
667 2236 845 2314 ποιησαμένη
854 2239 942 2298 τοῦτο
952 2237 985 2299 τῦ

188 2322 229 2400 μὴ
245 2325 377 2406 τυγχάνει
395 2326 475 2406 άλλη
494 2328 675 2405 ἐξευρημένον
694 2326 741 2386 καὶ
759 2324 939 2403 ἀνακείμενον
957 2330 986 2386 ἐν

188 2499 240 2571 τῆς
257 2495 294 2556 ὧν
306 2498 421 2577 δεκάτης
437 2504 493 2561 τῶν
509 2502 661 2581 χρημάτων
675 2502 852 2580 ποιησαμένη
864 2499 985 2578 όβιλοῦς
1051 2572 1052 2577 ,

188 2582 347 2662 βουπόρους
375 2587 502 2653 πολλοῦς
531 2590 684 2669 σιδηρέους,
711 2590 781 2651 ὅσον
813 2588 943 2669 ἐνεχώρεε
965 2586 984 2667 ἦ

190 2671 291 2750 δεκάτη
313 2676 349 2747 οἱ,
372 2673 520 2756 α’πέπεμπε
543 2684 572 2743 ἐς
592 2678 733 2757 Δελφούς·
760 2676 787 2738 οἳ
808 2678 855 2737 καὶ
877 2682 926 2738 νῦν
944 2680 983 2739 ἐτι
1050 2674 1051 2681 ¹

190 2762 367 2823 συννενέαται
379 2763 482 2826 ὄπισθε
496 2768 549 2843 μὲν
565 2770 616 2829 τοῦ
633 2770 733 2845 βωμοῦ
746 2764 797 2827 τόν
814 2766 881 2827 Χῖοι
893 2764 982 2828 άνέθε·

188 2872 253 2919 σαν,
267 2848 361 2912 άντίον
374 2852 404 2913 δέ
417 2852 502 2915 αὐτοῦ
514 2858 565 2914 τοῦ
579 2858 653 2931 νηοῦ.
697 2854 830 2931 φιλέουσι
847 2853 880 2913 δέ
891 2858 982 2918 κωςέν
1047 2896 1049 2903 1

120 2971 126 2982 ·
187 2960 225 3047 τη
210 2938 382 3017 Ναυκράτι
394 2940 577 3019 ἐπαφρόδιτοι
589 2942 719 3021 γίνεσθαι
732 2966 762 3001 αι
751 2944 890 3019 ἐταῖραι·
901 2946 981 3003 τοῦτο

188 3024 240 3098 μέν
254 3024 309 3104 γάρ
328 3025 407 3103 αῦτη,
419 3031 471 3103 τῆς
486 3028 552 3104 πέρι
569 3028 683 3110 λέγεται
701 3027 781 3089 ὅδε
764 3055 781 3089 ο
799 3028 895 3110 λόγος,
915 3028 980 3089 οῦτυ

188 3107 224 3184 δή
248 3136 277 3171 τι
299 3113 394 3224 κλεινη
417 3113 569 3222 ἐγένετο”
548 3139 584 3177 ως
607 3116 653 3175 καὶ
673 3116 775 3180 πάντες
797 3118 825 3175 οἷ
844 3115 980 3192 Ελληνες

186 3192 388 3262 Ῥοδοίπιος
354 3225 388 3260 το
407 3199 512 3277 οῦνομα
532 3199 676 3277 ἐξέμαθον·
709 3206 794 3263 τοῦτο
817 3202 884 3263 δέ
867 3228 979 3282 υστερον

187 3303 296 3357 ταντης,
315 3288 352 3362 τῇ
372 3282 477 3361 οὕνομα
494 3284 531 3361 ἦν
549 3284 696 3366 Ἀρχιδίκη
715 3287 879 3368 άοίδιμος’
860 3314 914 3351 ανα
905 3289 979 3368 τὴν
