2150 3500
200 122 250 169 236
501 120 687 169 ἨΡΟΔΟΤΟΤ

201 197 280 267 ἔδοξέ
294 204 352 274 σφι
369 198 488 259 ἕκαστον
508 197 594 277 ἄνδρα
613 200 749 276 Περσέων
761 223 1004 278 προσεταιρισασ·

201 287 256 356 θαι,
269 288 369 346 τοῦτον
383 290 422 365 τῷ
434 286 560 347 πιστεύει
574 286 712 364 μαλιστα.
747 285 876 363 Ὀτάνης
894 288 949 363 μέν
961 314 1005 348 νυν

201 372 344 454 εἰσάγεται
376 372 561 451 Ἰνταφέρνεα,
593 373 729 451 Γωβρύης
758 374 791 433 δὲ
823 375 1005 455 Μεγάβυζον,

201 459 375 539 Ἀσπαθίνης
394 462 424 521 δὲ
442 460 585 539 Ὑδάρνεα·
612 461 766 542 γεγονότων
788 461 820 520 δὲ
841 462 953 523 τούτων
971 464 1005 533 ἓξ,

202 551 383 631 παραγίνεται
401 554 429 614 ές
447 549 483 610 τοὶ
500 550 599 613 Σοῦσα
613 552 734 626 ’Δαρεῖος
745 549 762 609 ό
774 548 964 614 Ὑστάσπεος
980 557 1007 610 ἔκ

144 642 147 649 ⁴
204 639 337 715 Περσέων
349 636 432 713 ἥκων·
451 636 556 698 τούτων
567 637 623 719 γὰρ
636 637 670 712 δή
683 636 719 713 ἦν
735 640 762 697 οἱ
777 636 795 697 ό
811 637 914 715 πατήρ
926 638 1007 716 ὕπαρ

203 750 264 802 χος·
283 726 344 783 ε’πεὶ
363 724 400 786 ὧν
418 723 500 789 οὗτος
517 724 641 795 άπίκετο,
653 730 730 785 τοῖσι
748 725 780 795 ἓξ
796 729 857 785 τῶν
874 728 1008 803 Περσέων

155 813 192 873 71
204 811 279 881 ἔδοξε
297 811 343 870 καὶ
362 816 482 890 Δαρεῖον
498 813 782 889 προσεταιρίσασθαι.
818 812 1008 877 Συνελθόντες

204 899 235 958 δὲ
258 896 342 969 οὗτοι,
366 900 456 963 ἐόντες
479 899 558 971 ἑπτά,
581 899 710 960 ε’δίδοσάν
730 905 820 975 σφισι
843 901 949 965 πίστις
967 903 1008 960 καὶ

203 986 315 1068 λόγους.
347 988 409 1047 ε’πεί
418 1013 450 1048 τε
463 988 492 1047 δὲ
506 993 534 1053 ἒς
548 992 668 1058 Δαρεῖον
680 987 797 1047 α’πίκετο
807 990 932 1068 γνώμην
944 988 1008 1049 άπο-

204 1076 364 1151 φαίνεσθαι,
378 1076 459 1156 ἔλεγέ
471 1082 527 1151 σφι
538 1074 615 1136 τάδε·
636 1086 654 1112 “
662 1075 717 1157 ε’γῶ
728 1079 818 1136 ταῦτα
831 1076 952 1137 ε’δόκεον
961 1080 1009 1154 μὲν

204 1162 287 1229 αι’πὸς
308 1167 410 1240 μοῦνος
433 1164 614 1232 ἐπίστασθαι,
638 1161 682 1223 ότι
703 1184 736 1223 τε
759 1162 775 1222 ὁ
799 1162 909 1243 Μάγος
934 1165 1009 1241 εἴηὸ

204 1252 367 1328 βασιλεύων
388 1252 435 1311 καὶ
456 1252 575 1329 Σμέρδις
594 1250 611 1311 ό
632 1250 727 1328 Κύρου
745 1251 944 1329 τετελεύτηκε·
966 1255 1009 1313 καὶ

205 1339 290 1400 αύτοῦ
302 1340 402 1400 τούτου
418 1340 518 1401 εἵνεκεν
530 1338 589 1414 ἥκω
606 1340 725 1417 σπονδῇ,
740 1337 776 1402 οἷς
791 1340 956 1415 συστήσων
967 1343 1009 1401 ε’πὶ

204 1432 243 1507 τῷ
259 1429 350 1509 Μάγῳ
371 1426 498 1489 θάνατον·
519 1428 583 1488 ε’πεί
599 1452 631 1487 τε
650 1427 681 1487 δὲ
699 1426 846 1503 συνήνεικε
868 1427 1009 1489 ὥστεκαὶ

205 1515 290 1593 ύμέας
304 1517 402 1577 εἰδέναι
417 1516 464 1575 καὶ
478 1515 518 1592 μὴ
532 1519 637 1593 μοῦνον
650 1516 707 1591 ἐμὲ,
716 1516 826 1574 ’ποιέειν
839 1515 947 1575 αὐτίκα
963 1543 1009 1594 μοι

206 1603 294 1663 δοκέει
307 1605 354 1663 καὶ
365 1602 406 1681 μὴ
416 1603 663 1681 ύπερβάλλεσθαι·
677 1602 711 1664 οὗ
719 1603 775 1684 γάρ
786 1602 932 1680 ἅμεινον.”
953 1606 1010 1665 εἶπε
1053 1641 1054 1690 γ

205 1688 275 1768 πρός
292 1694 378 1752 ταῦτα
396 1691 413 1751 ὁ
431 1690 561 1769 Ὀτάνης·
581 1690 630 1751 “ὧ
646 1694 700 1751 παῖ
714 1689 906 1763 Ὑστάσπεος,
924 1693 965 1756 εἷς
980 1718 1009 1753 τε
1053 1697 1054 1718 ³

205 1779 310 1857 πατρός
328 1778 436 1861 άγαθοΰ
457 1775 503 1840 καὶ
522 1780 662 1858 ἐκφαίνειν
680 1781 770 1844 ἔοικας
789 1781 919 1842 σεωυτόν
932 1780 1009 1842 ε’όντο

205 1870 255 1927 τοῦ
281 1867 387 1944 πατρός
412 1867 491 1928 οὐδὲν
513 1866 606 1943 ἥσσω·
634 1867 686 1944 τὴν
711 1867 808 1944 μέντοι
831 1871 1008 1948 ἐπιχείρησιν

204 1954 307 2033 ταύτην
329 1955 369 2034 μὴ
390 1955 460 2017 οὕτω
484 1955 638 2035 συντάχυνε
658 1953 797 2032 ἀβούλως,
818 1955 887 2014 ἀλλ’
910 1958 959 2016 ε’πὶ
977 1958 1008 2017 τό
1051 1956 1052 1977 ¹

207 2045 438 2123 σωφρονέστερον
458 2041 547 2119 αὐτὴν
572 2043 714 2120 λάμβανε·
741 2043 784 2102 δεῖ
805 2043 864 2124 γοὶρ
887 2049 1008 2108 πλεῦνας

205 2135 371 2214 γενομένους
396 2131 466 2192 ούτω
493 2130 681 2209 ε’πιχειρέειν.“
721 2131 800 2210 λέγει
823 2131 896 2207 πρὸς
923 2137 1009 2192 ταῦτα

207 2225 333 2299 Δαρεῖος·
354 2219 474 2298 ι’άνδρες
495 2222 521 2279 οἱ
536 2218 694 2296 παρεόντες,
707 2218 801 2298 τρόπῳ
818 2223 860 2298 τῷ
876 2222 1008 2300 εἰρημένῳ

206 2309 238 2380 ἐξ
250 2309 371 2370 Ὀτάνεω
392 2312 416 2368 εἰ
435 2307 590 2388 χρήσεσθε,
607 2308 763 2380 ἐπίστασθε
783 2304 828 2366 ὅτι
849 2306 1008 2369 ἀπολέεσθε
1049 2332 1050 2335 ’

207 2396 335 2456 κάκιστα·
352 2396 456 2466 ἐξοίσει
468 2395 523 2476 γάρ
536 2421 579 2459 τις
590 2394 662 2472 πρός
673 2395 724 2456 τόν
736 2393 849 2475 Μάγον,
865 2396 923 2474 ἰδίη
936 2421 1008 2474 περι-

206 2484 387 2561 βαλλόμενος
395 2488 483 2562 ἑωυτῷ
491 2484 598 2561 κέρδεα.
617 2482 746 2561 μάλιστα
754 2483 807 2559 μέν
816 2508 867 2543 νυν
875 2483 1009 2560 ὠφείλετε
1048 2480 1050 2489 “

207 2569 249 2629 ἐπ’
259 2570 348 2647 ύμέων
362 2567 452 2629 αὐτῶν
464 2570 622 2647 βαλόμενοι
634 2571 737 2629 ποιέειν
745 2572 845 2629 ταῦτα·
864 2572 930 2631 ἐπεί
938 2597 970 2632 τε
982 2572 1010 2630 δὲ

206 2658 272 2735 ύμῖν
280 2658 428 2736 ἀναφέρειν
437 2661 594 2722 ε’ςπλεῦνας
604 2658 695 2718 ε’δόκεε
703 2659 749 2716 καὶ
758 2658 820 2734 ἐμοὶ
829 2657 1008 2736 ὑπερέθεσθε
1046 2662 1047 2667 ’

206 2747 225 2823 ἢ
237 2747 373 2824 ποιέωμεν
385 2745 517 2824 σήμερον,
531 2745 551 2821 ἢ
564 2747 635 2816 ἴστε,
648 2745 714 2823 ύμῖν
727 2744 771 2806 ότι
782 2742 818 2819 ἢν
830 2745 1009 2825 ύπερπέσηῆ

206 2840 254 2896 νῦν
263 2835 362 2912 ἦμέρη,
375 2834 473 2898 ιός-ούκ
486 2833 577 2896 ἄλλος
587 2834 662 2910 φθοῖς
674 2837 740 2911 ε’μεῦ
754 2833 913 2914 κατήγορος
923 2836 1009 2904 ἔσται,

208 2923 286 2982 ἀλλά
307 2928 386 2998 σφεα
403 2920 486 2984 αύτός
502 2920 557 3000 ε’γιδ
578 2923 698 2998 κατερέω
715 2921 787 2998 πρός
806 2921 859 2981 τόν
881 2921 1009 3004 Μάγον.”

160 3011 197 3068 72
207 3011 292 3090 Λέγει
304 3010 375 3086 πρός
387 3013 476 3068 ταῦτα
487 3007 615 3084 Ὀτάνης,
629 3008 724 3083 ἐπειδὴ
738 3007 796 3086 ὥρα
812 3009 1009 3088 σπερχόμενον

207 3100 336 3173 Δαρεῖον·
353 3105 372 3132 “
381 3094 442 3154 ἐπεί
452 3119 483 3154 τε
495 3093 583 3171 ἡμέας
595 3095 777 3174 συνταχύνειν
786 3095 954 3177 ἀναγκάζεις
963 3098 1008 3158 καὶ

206 3181 439 3258 ὑπερβάλλεσθαι
454 3181 503 3239 ούκ
514 3185 569 3258 ε’ᾀς,
579 3182 619 3240 ἴθι
631 3183 730 3262 ἐξηγέο
740 3182 824 3245 αύτδς
833 3183 904 3263 ότειρ
915 3184 1009 3264 τρόπω

205 3268 324 3343 πάριμεν
336 3271 364 3330 ές
377 3266 413 3326 τά
426 3266 577 3342 βασιλήῑα,
591 3268 637 3325 καὶ
650 3269 868 3348 ἐπιχειρήσομεν
881 3271 1005 3334 αὐτοῖσι·
