2150 3500
177 125 210 173 62
482 122 668 173 ἨΡΟΔΟΤΟΤ
948 115 988 183 [1-

176 227 210 264 τε
232 201 279 262 καὶ
301 201 476 278 ἐβασίλευσε
497 200 514 261 6
536 203 604 263 παῖς
624 197 666 276 μὴ
689 203 721 259 ε’κ
744 197 878 274 προνοίης
898 196 988 267 τινός,

179 287 279 367 θάρσει
297 312 330 348 τε
348 286 449 347 τούτου
469 287 560 347 εἵνεκα
580 286 627 345 καὶ
642 285 731 362 θυμδν
749 285 796 362 ἔχε
810 282 931 364 α’γαθόν·
953 283 989 344 οὖ

178 376 233 457 γὰρ
255 377 295 435 ἔτι
313 373 346 436 τδ
367 373 494 452 δεύτερον
513 374 600 452 ἄρξει.
641 372 719 450 παρὰ
738 371 845 449 σμικμᾶ
859 371 918 452 γὰρ
938 371 988 432 καὶ

178 469 234 525 τῶν
245 463 349 543 λογίων
360 461 429 540 ἡμῖν
441 464 499 522 ἔνια
512 461 661 540 κεχάρηκε·
682 461 729 520 καὶ
742 459 780 521 τά
793 485 828 541 γε
842 464 898 520 τῶν
913 458 988 520 ὄνει-

178 549 269 629 ρότων
289 548 409 628 ἐχόμενα
428 551 529 614 τέλεως
548 555 576 612 ές
593 549 710 611 ἀσθενὲς
730 546 866 625 ἔρχεται.”
904 546 989 624 αἷμεί-

178 640 264 714 βεται
274 636 434 718 Ἀστυάγης
445 637 551 697 τοῖσδε·
565 645 584 671 “
592 635 638 696 καὶ
651 633 742 706 αὐτὸς,
757 634 778 693 ὦ
789 633 885 714 μάγοι,
894 633 988 714 ταύτῃ

179 728 315 788 πλεῖστος
333 723 446 804 γνώμην
465 725 529 801 εἰμὶ,
547 723 688 801 βασιλέος
706 720 914 799 ὀνομασθέντος
933 729 989 782 τοῦ

179 811 278 875 παιδός
300 810 407 886 ἐξήκειν
427 835 460 871 τε
481 810 531 870 τδν
553 809 660 888 ὄνειρον
683 810 732 869 καί
751 834 802 887 μοι
822 808 872 869 τδν
894 811 987 870 παῖδα

179 903 278 959 τοῦτον
295 897 364 958 εἶναι
380 897 468 958 δεινθν
486 896 566 958 οὐδὲν
582 898 631 958 ἔτι·
647 896 721 975 ὅμως
735 897 788 974 μέν
802 922 837 978 γε
850 922 897 957 τοι
911 923 988 975 συμ-

179 983 359 1062 βουλεύσατέ
372 1009 422 1062 μοι
436 984 465 1044 εὖ
478 983 715 1063 περισκεψάμενοι
726 983 763 1044 τὰ
773 985 876 1061 μέλλει
886 983 988 1061 ἀσφα-

144 1065 150 1074 ’
179 1072 306 1133 λέστατα
329 1071 399 1132 εἶναι
421 1073 486 1152 οἴκῳ
509 1097 541 1133 τε
564 1075 602 1150 τῷ
622 1075 679 1152 ε’μῷ
704 1072 750 1131 καὶ
771 1070 862 1149 ὖμῖν.”
902 1072 988 1132 εἶπον

179 1159 249 1238 πμδς
261 1164 349 1221 ταῦτα
361 1161 389 1219 οἱ
400 1159 497 1242 μάγοι·
518 1158 567 1219 “οἰ
581 1162 715 1236 βασιλεῦ,
729 1159 776 1218 καὶ
791 1158 905 1219 αὐτοῖσι
914 1159 987 1237 ἡμῖν

179 1247 244 1358 περὶ
268 1251 421 1308 πολλοῦ’
408 1249 469 1308 εστὶ
495 1245 747 1326 κατορθοῦσθαι
728 1246 821 1326 αρχήν
841 1272 894 1323 την
916 1248 985 1324 σήν·

180 1336 272 1400 κείνως
291 1338 344 1412 μὲν
354 1361 420 1448 γαρ
441 1334 675 1412 ἅλλοτριοῦται’
661 1360 690 1398 ες
709 1333 758 1395 τόν
778 1334 865 1394 παῖδα
883 1339 987 1396 τοῦτον

180 1427 329 1500 περιῖοῦσα
349 1423 430 1484 ε’όντα
449 1423 576 1500 Πέρσην,
596 1423 644 1482 καὶ
662 1421 751 1499 ἡμεῖς,
769 1418 859 1485 ἐόντες
877 1423 984 1498 Μῆδοι,

180 1509 356 1586 δουλούμεθά
381 1534 414 1569 τε
439 1510 486 1570 καὶ
506 1508 596 1590 λόγου
622 1507 732 1572 οὖδενδς
752 1509 889 1590 γινόμεθα
912 1511 986 1588 πρὸς

181 1598 323 1675 Περσέων,
340 1596 431 1661 ἐόντες
446 1597 540 1667 ξεῖνοι·
557 1597 609 1657 σέο
625 1596 649 1656 δ
665 1601 829 1661 ἐνεστεῶτος
842 1599 986 1673 βασιλέος

181 1683 274 1750 ἐόντος
293 1683 442 1761 πολιήτεω,
463 1683 510 1744 καὶ
531 1682 655 1765 ἄρχομεν
674 1685 708 1745 τδ
729 1685 814 1764 μέρος
834 1686 881 1744 καὶ
901 1687 985 1764 τιμάς

179 1772 251 1852 πρδς
270 1773 322 1833 σέο
341 1772 470 1855 μεγάλας
489 1773 600 1852 ἔχομεν.
641 1772 712 1833 οὕτω
732 1772 770 1833 ὦν
788 1771 898 1836 πάντως
914 1773 985 1851 ἡμῖν
1023 1803 1049 1855 ‚¹

180 1861 232 1921 σέο
244 1885 276 1922 τε
289 1861 335 1920 καὶ
346 1864 397 1937 τῆς
409 1865 465 1937 σῆς
477 1858 568 1940 ἀρχῆς
580 1862 737 1939 προοπτέον
750 1861 821 1920 ἔστί·
839 1861 886 1920 καὶ
897 1865 949 1922 νῦν
960 1867 984 1923 εἰ

180 1947 308 2025 φοβερόν
320 1972 349 2008 τι
362 1950 495 2027 ἑωρῶμεν,
507 1952 566 2009 πᾶν
578 1947 612 2009 ἄν
624 1974 674 2009 σοι
690 1947 915 2026 προεφράζομεν·
934 1953 984 2010 νῦν

180 2035 211 2095 δὲ
227 2033 446 2114 ἀποσκήψαντος
460 2040 512 2097 τοῦ
529 2036 656 2096 ἐνυπνίου
668 2040 696 2099 ἔς
708 2040 847 2113 φλαῦρον,
860 2033 944 2095 αὗταί
952 2062 983 2097 τε

180 2116 338 2203 θαρσέομεν
358 2124 404 2184 καὶ
423 2124 472 2185 σοὶ
493 2124 574 2200 ἔτερα
592 2128 707 2184 τοιαῦτα
725 2122 981 2201 παρακελευόμεθα·
1047 2117 1048 2138 ³

177 2210 229 2272 τόν
251 2212 282 2272 δὲ
303 2212 391 2272 παῖδα
412 2217 512 2272 τοῦτον
534 2210 566 2281 ἐξ
586 2210 746 2287 ὀφθαλμόν
768 2210 935 2289 ἀπόπεμψαι
954 2217 982 2277 ές

134 2300 188 2358 121
199 2300 316 2377 Πέρσας
327 2325 359 2359 τε
371 2325 418 2359 και
428 2324 494 2363 τους
505 2298 708 2381 γειναμένους.
742 2296 882 2361 Ἀκούσας
894 2302 981 2359 ταῦτα
1046 2307 1047 2312 ’

179 2384 196 2444 6
207 2384 401 2466 Αστυάγης,’
388 2385 476 2464 εχιίρη
491 2410 523 2446 τε
536 2410 583 2444 και
572 2384 764 2448 καλέσας
731 2411 782 2446 τον
795 2389 891 2461 Κῦρον
903 2387 983 2468 {kq}

180 2496 208 2532 οι
197 2471 302 2533 τάδε·
323 2471 371 2530 “ω
391 2477 452 2543 παῖ,
474 2474 509 2532 σὲ
529 2471 585 2553 γάρ
607 2477 662 2553 ε’γω
652 2471 717 2533 δι’
737 2472 839 2551 ὅψιν’
822 2472 930 2549 ονείμου
948 2500 981 2533 ου

179 2559 279 2635 τελέην
294 2558 455 2636 ἠδίκεον
419 2584 456 2638 τη
472 2583 595 2619 σεωυτου
581 2559 642 2619 δὲ
657 2560 743 2639 μοίρῃ
759 2560 870 2638 περίεις,
882 2564 932 2622 νῦν
944 2560 980 2621 ὧν

179 2646 221 2706 ’ίθι
236 2646 340 2724 χαίρων
359 2650 387 2710 ἒς
402 2648 527 2725 Πέρσας,
544 2647 675 2725 πομποδς
691 2646 714 2706 δ’
728 2646 782 2728 ε’γιδ
798 2646 857 2724 ἅμα
869 2646 978 2725 πέμψω·

181 2733 271 2794 ἐλθόν
290 2734 323 2793 δὲ
344 2737 409 2807 ἐκεῖ,
430 2735 538 2813 πατέρα
557 2759 590 2795 τε
610 2760 657 2796 και
675 2736 783 2812 μητέρα
803 2732 929 2811 εόρησεις
947 2760 977 2795 οι
1044 2753 1045 2798 ἱ

179 2846 250 2882 κατα
240 2820 448 2900 Μιτραδάτην
464 2848 496 2885 τε
510 2822 562 2884 τδν
576 2822 720 2901 βουκόλον
735 2822 783 2881 καὶ
796 2846 849 2898 την
863 2826 979 2903 γυναῖκα

179 2908 290 2969 αυτοῦ.Ἀ

134 2995 191 3054 122
231 2998 370 3058 Ταῦτα*
344 3023 423 3062 ειπας
438 3025 454 3059 ο
446 2997 659 3079 ”Αστυάγης’
639 2997 801 3075 αποπέμπει
812 2994 863 3058 τόν
874 3000 977 3074 Κῦρον·

179 3084 358 3161 νοστήσαντα
371 3087 402 3146 δέ
417 3111 466 3164 μιν
482 3091 511 3149 ές
525 3090 576 3145 τοῦ
590 3084 756 3161 Καμβύσεω
767 3084 805 3144 τοὶ
820 3084 894 3144 οἰκία
909 3085 977 3154 ε’δίξν

179 3193 246 3231 αντο
271 3176 299 3232 οἱ
322 3171 487 3254 γεινάμενοι,
514 3172 562 3230 καὶ
587 3170 732 3247 δεξάμενοι
755 3170 805 3252 [οἷς
833 3170 977 3252 ἐπίθοντο]
1042 3189 1043 3228 ι

181 3256 309 3337 μεγάλως
321 3256 490 3330 ἀσπάζοντο,
503 3257 551 3316 οἶα
562 3255 597 3333 δὴ
610 3256 792 3336 ἐπιστάμενοι
805 3256 906 3319 αὐτίκα
915 3257 977 3322 τότε
