2150 3500
105 82 148 139 ιι,
160 81 204 142 ιι]
410 79 639 130 ωαιαουαυιι.
864 79 911 132 297

107 157 238 218 πλοίοισι
263 156 370 221 ἄλλους
393 182 425 216 τε
450 161 528 217 τοῖσι
550 158 677 218 ἐπίστευε
701 157 754 234 τήν
774 157 913 234 ἄληθηΐην

107 246 201 323 ε’ρέειν,
216 245 263 304 καὶ
279 245 314 320 δή
334 245 380 303 καὶ
393 244 526 308 Σκύλακα
544 243 630 323 ἄνδρα
649 246 822 323 Καρυανδέα·
844 249 870 305 οἱ
883 247 913 306 δὲ

106 333 275 411 ὁρμηθέντες
293 339 321 396 ές
337 333 531 411 Κασπατύρου
550 359 581 393 τε
600 332 700 397 πόλιος
714 335 760 392 καὶ
772 337 823 409 τῆς
836 340 912 392 Πακ-

105 425 203 497 τυϊκῆς
221 427 282 502 γῆς,
305 423 406 481 ἔπλεον
426 421 497 481 κατοὶ
517 421 646 499 ποταμόν
666 421 737 499 πρός
756 421 797 496 ἠῶ
817 447 848 482 τε
866 423 912 481 καὶ

105 509 191 585 ἦλίου
204 509 344 574 ἀνατολάς
356 515 385 574 ἔς
398 510 559 571 θάλασσαν·
577 509 623 569 διοὶ
638 509 788 592 θαλάσσης
801 511 831 569 δὲ
841 509 911 587 πρός

108 599 231 676 ἕσπέρην
252 599 393 670 πλέοντες,
413 602 572 677 τριηκοστῷ
595 599 662 674 μηνὶ
686 596 868 658 άπικνέονται.
882 602 910 661 ἐς

106 691 207 746 τοῦτον
221 685 271 746 τόν
285 690 378 765 χῶρον
394 685 459 746 ὅθεν
476 686 493 747 ό
513 687 672 768 Αἰγυπτίων
690 685 831 761 βασιλεύς
848 685 913 748 τούς

107 775 244 851 Φοίνικας,
257 776 323 838 τούς
339 775 479 852 πρότερον
491 774 565 843 εἶπα,
580 773 731 834 α’πέστειλε
743 773 912 851 περιπλώειν

106 862 229 939 Αιβύην·
249 862 322 940 μετοῖ
335 864 365 922 δὲ
378 862 492 926 τούτους
509 847 750 940 περιπλάσαντας,
763 860 867 925 Ἰνδούς
880 887 911 922 τε

108 953 318 1030 κατεστρέψατο
337 955 457 1029 Δαρεῖος
470 951 517 1011 καὶ
528 955 565 1030 τῇ
579 949 715 1029 θαλάσση
728 948 815 1028 ταύτῃ
830 953 911 1029 ἐχρᾶ-
940 1003 943 1008 ,,

93 1035 151 1098 το·
173 1039 245 1100 οὕτω
262 1040 308 1099 καὶ
323 1044 375 1116 τῆς
390 1039 498 1116 Ἀσίης,
519 1039 595 1118 πλὴν
614 1038 650 1099 τά
668 1037 739 1115 πρός
752 1036 850 1114 η’έλιον
864 1037 909 1098 οἷν-

107 1127 237 1206 ίσχοντα,
257 1127 292 1187 τά
313 1127 392 1188 ἄλλα
411 1127 558 1205 ἀνεύρηται
579 1127 663 1206 ὁμοῖα
678 1127 857 1205 παρεχομένη
874 1129 914 1208 τῇ

64 1213 68 1218 ’
105 1215 214 1295 Λιβύη.
248 1216 286 1275 Ἡ
307 1217 338 1276 δὲ
358 1215 393 1292 δή
414 1215 536 1293 Εύριόπη
557 1217 627 1294 πρός
650 1214 778 1291 ούδαμῶν
800 1213 908 1291 φανερή
918 1215 956 1274 45

107 1309 170 1364 ε’στι
183 1303 456 1386 γινωσκομέιη,.ούτε
468 1303 505 1364 τὰ
517 1303 587 1382 πρός
600 1303 698 1380 ήέλιον
711 1301 911 1372 ἀνατέλλοντα,

107 1391 171 1452 ούτε
183 1391 219 1452 τά
232 1393 302 1471 πρός
314 1395 407 1470 βορῆν
421 1396 445 1451 εἶ
458 1391 620 1470 περίρρυτός
634 1395 705 1451 ἔστι·
726 1388 809 1468 μήκεϊ
822 1389 851 1448 δὲ
868 1415 911 1470 γι-

106 1479 243 1553 νάσκεται
255 1479 320 1558 παρ’
329 1480 491 1559 ἀμφοτέρας
500 1478 677 1558 παρήκουσα.
707 1477 764 1537 οὐδ’
778 1478 831 1556 ἔχω
842 1503 911 1554 συμ-

105 1569 253 1644 βαλέσθαι
269 1568 310 1641 έπ’
324 1568 387 1629 ὅτευ
399 1573 451 1647 μιῇ
468 1569 554 1647 ἐούσῃ
567 1572 605 1648 γῇ
619 1565 760 1644 ούνόματα
772 1564 911 1643 τριφάσια

106 1657 200 1717 κέεται
223 1658 377 1735 ἐπωνυμίας
400 1659 499 1736 ἔχοντα
518 1660 663 1738 γυναικῶν,
685 1655 731 1714 καὶ
753 1654 911 1732 οὐρίσματα

106 1745 178 1825 αὐτῇ
187 1745 293 1811 Νεῖλός
301 1772 333 1807 τε
345 1745 361 1806 ό
374 1745 526 1827 Αἰγύπτιος
535 1743 661 1822 ποταμός
670 1745 758 1821 ε’τέθη,
768 1743 814 1804 καὶ
822 1741 912 1807 Φάσις

106 1834 124 1895 ό
142 1835 267 1914 Κόλχος·
288 1836 328 1915 (οἱ
345 1835 375 1894 δὲ
393 1834 496 1894 Τάναϊν
512 1834 640 1911 ποταμόν
656 1832 706 1894 τόν
719 1831 851 1908 Μαιήτην
864 1832 910 1891 καὶ

106 1924 261 2002 Πορθμήϊα
280 1923 316 1983 τά
337 1922 480 2001 Κιμμέρια
496 1922 636 2001 λέγουσα)
657 1921 719 1980 οὐδὲ
739 1925 793 1980 τῶν
811 1920 911 1997 διουρι-

106 2010 216 2073 σάντων
233 2012 268 2072 τά
289 2009 430 2087 οὐνόματα
446 2010 595 2077 πυθέσθαι,
613 2008 657 2066 καὶ
672 2008 735 2067 ὅθεν
751 2009 844 2067 έθεντο
860 2007 911 2071 τάς

106 2100 271 2177 ἐπωνυμίας·
290 2098 310 2175 ἦ
323 2098 357 2175 δή
371 2097 426 2179 γάρ
439 2095 535 2173 Λιβύη
548 2098 601 2173 μέν
615 2095 660 2153 ἐπὶ
675 2094 786 2170 Λιβύης
799 2095 911 2174 λέγεται

105 2187 162 2249 find
175 2192 230 2264 τῶν
242 2190 359 2247 πολλῶν
371 2184 517 2260 Ἑλλήνων
528 2186 601 2263 ἔχειν
613 2182 645 2243 τό
663 2180 768 2257 οὔνομα
780 2181 910 2262 γυναικδς

106 2275 286 2355 αὐτόχθονος·
305 2274 325 2351 ἦ
338 2275 368 2334 δὲ
383 2273 469 2343 Ἀσίη
482 2272 528 2332 ε’πὶ
540 2276 592 2348 τῆς
605 2270 772 2349 Προμηθέος
784 2269 913 2351 γυναικός

105 2363 159 2440 τῆν
172 2364 336 2442 ἐπωνυμίην·
353 2363 399 2421 καὶ
411 2360 512 2422 τούτου
519 2363 572 2438 μὲν
581 2356 849 2437 μεταλαμβάνονται
861 2362 911 2417 τοῦ

108 2452 263 2529 ούνόματος
279 2451 375 2522 Λυδοὶ,
390 2450 512 2528 φάμενοι
528 2449 575 2507 ἐπὶ
592 2448 702 2519 Ἀσίεω,
722 2451 774 2508 τοῦ
795 2445 912 2517 Κότυος,

106 2544 158 2600 τοῦ
177 2539 289 2611 Μάνεω,
304 2540 460 2615 κεκλῆσθαι
472 2536 524 2613 τήν
535 2535 644 2613 Ἀσίην,
839 2535 849 2594 ὶ
862 2538 913 2611 τῆς

107 2630 277 2707 Προμηθέος
287 2626 397 2703 Ἀσίης·
419 2625 466 2686 ἆτ’
480 2624 543 2685 ὅτευ
557 2626 602 2683 καὶ
615 2625 666 2700 τήν
681 2630 710 2684 ἐν
724 2623 842 2702 Σάρδισι
859 2630 911 2699 φυ·

107 2716 164 2793 λήν
184 2717 341 2793 κεκλῆσθαι
360 2714 490 2775 Ἀσιάδα.
524 2712 544 2789 ἡ
565 2713 594 2771 δὲ
611 2711 645 2787 δή
664 2710 784 2788 Εύράπη
804 2710 866 2770 ούτε
888 2715 912 2769 εἷ

107 2804 271 2883 περίρρυτός
284 2809 347 2865 ἐστι
358 2802 525 2885 γινώσκεται
534 2800 605 2878 πρός
618 2798 745 2876 οὐδαμῶν
754 2797 911 2874 ἀνθρώπων,

107 2892 172 2952 οὔτε
189 2891 288 2953 ὁκόθεν
304 2892 339 2952 vd
358 2890 463 2969 οὕνομα
484 2891 574 2965 ἔλαβε
593 2890 686 2957 τοῦτο,
706 2884 769 2944 ούτε
785 2884 864 2948 ὅστις
884 2887 911 2944 οἱ
981 2948 986 2959 ,

107 2978 144 3056 ἦν
157 2980 173 3040 ό
188 2982 302 3057 θέμενος
315 2979 454 3057 φαίνεται·
476 2982 500 3037 εἰ
516 2975 557 3054 μή
575 2974 630 3035 άπό
644 2978 694 3050 τῆς
706 2974 807 3050 Τυρίης
821 2972 912 3049 φήσο-

107 3094 160 3144 μεν
172 3068 308 3147 Εὐρύτης
320 3070 423 3144 λαβεῖν
435 3065 469 3126 τό
483 3062 589 3140 οὕνομα
600 3061 652 3137 τήν
665 3060 766 3141 χώρην,
777 3060 913 3137 πρότερον

108 3156 140 3214 δὲ
159 3155 194 3232 ἦν
211 3155 267 3235 ἄρα
282 3154 431 3231 α’νιύνυμος,
445 3153 540 3229 ὥσπερ
554 3154 583 3209 αἱ
596 3152 695 3227 ἕτεραι·
716 3146 782 3207 ἀλλ’
796 3146 865 3223 αὕτη
879 3171 923 3228 γεΙ

110 3248 141 3303 έκ
159 3248 209 3318 τῆς
223 3243 324 3320 Ἀσίης
335 3268 366 3302 τε
380 3242 510 3319 φαίνεται
524 3243 619 3309 ἐοῦσα,
633 3238 679 3298 καὶ
694 3237 744 3297 οὐκ
758 3236 912 3313 άπικομένη

183 3324 214 3368 24
