2150 3500
114 129 232 194 ιτα-ω]
476 129 590 184 mm.
892 130 926 179 τι

111 213 244 287 Δελφῶν
257 209 451 286 Θεοφανίοισι·
468 211 544 289 φασὶ
554 212 587 273 δέ
596 237 647 289 μιν
657 212 770 289 Δελφοὶ
782 209 926 289 Θεοδῶρου

111 301 170 358 τοῦ
189 298 297 374 Σαμίου
315 299 396 380 ἔργον
413 298 490 370 εἶναι,
507 300 555 359 καὶ
574 299 629 381 ἐγῶ
647 299 741 360 δοκέω·
762 297 797 358 ού
815 297 871 379 γαρ
891 297 926 359 τδ

113 386 258 465 συντυχόν
280 386 411 462 φαίνεταί
427 412 477 464 μοι
497 388 579 468 ἔργον
599 386 692 463 εἶναι·)
711 387 757 445 καὶ
775 386 874 448 πίθους
893 411 926 446 τε

113 473 270 554 ἀργυρέους
289 474 432 552 τέσσαρας
452 473 609 553 ἀπέπεμψε,
626 473 654 534 οἳ
672 479 702 534 ἐν
715 477 755 552 τῷ
771 472 926 550 Κορινθίων

115 561 253 640 θησαυρῷ
278 563 387 632 ἑστῶσι,
412 563 459 621 καὶ
483 560 699 640 περιρραντήρια
723 559 774 621 δύο
799 559 925 637 ἀνέθηκε,

113 646 242 727 χρύσεόν
267 673 299 709 τε
322 649 368 709 καὶ
390 647 535 730 ἀργύρεον·
562 652 618 709 τῶν
639 652 679 728 τῷ
701 649 812 728 χρυσέῳ
834 648 926 729 ε’πιγέ-
981 724 984 730 ¹

114 761 252 816 γραπται,
265 741 612 806 ΛΑΚΕΔΑΙΜΟΝΙΩΝ,
627 737 758 814 φαμένων
774 736 844 796 εἶναι
859 734 926 795 ‹ivd-

117 824 208 900 θημα·
225 823 275 884 οὐκ
289 823 377 901 ὀρθῶς
389 825 528 905 λέγοντες·
546 825 675 905 ἔστιγὰρ
689 824 735 884 καὶ
746 827 831 884 τοῦτο
841 824 926 900 Κροί-

116 935 185 972 σου·
206 913 346 993 ἐπέγραψε
364 912 394 972 δὲ
411 919 467 974 τῶν
480 938 523 977 τις
541 915 664 989 Δελφῶν
681 911 927 988 Λακεδαιμονίοισι

117 999 298 1077 βουλόμενος
309 1001 496 1080 χαρίσασθαι,
506 1003 558 1062 τοῦ
571 999 755 1076 ἐπιστάμενος
769 999 803 1060 τὰ
819 997 926 1076 οὔνομα

120 1085 173 1146 οὔκ
185 1086 387 1165 ἐπιμνήσομαι·
408 1085 473 1148 ἀλλ’
487 1087 504 1148 ὅ
516 1091 570 1165 μὲν
582 1090 656 1157 παῖς,
671 1087 704 1147 δι’
718 1085 751 1147 οὗ
766 1091 817 1162 τῆς
831 1084 926 1166 χειρδς

118 1174 180 1251 ῥέει
191 1173 225 1235 τῶ
238 1173 318 1254 ὕδωρ,
331 1175 556 1253 Λακεδαιμονίων
567 1174 640 1236 ἔστί·
660 1173 694 1236 οὔ
708 1175 804 1252 μέντοι
819 1178 875 1234 τῶν
890 1199 926 1255 γε

119 1264 354 1342 περιρραντηρίων
367 1263 520 1342 οὐδέτερον.
561 1263 639 1323 ἅλλα
650 1288 682 1324 τε
694 1262 860 1340 ἆναθήματα
875 1261 926 1323 ούκ

121 1350 251 1428 ἐπίσημα
265 1351 362 1412 πολλῶ
377 1350 526 1430 ἀπέπεμψε
544 1349 604 1428 ἅμα
617 1349 744 1412 τούτοισι
757 1349 775 1409 ὁ
792 1352 925 1426 Κροῖσος,

121 1438 170 1498 καὶ
181 1437 308 1517 χεύματα
320 1437 442 1521 ἀργύρεα
455 1439 630 1516 κυκλοτερέα,
642 1439 688 1497 καὶ
698 1437 732 1514 δή
743 1437 789 1496 καὶ
797 1435 926 1517 γυναικὸς

122 1525 237 1586 εἴδωλον
249 1525 371 1606 χρύσεον
383 1528 514 1607 τρίπηχυ,
526 1525 561 1588 τό
574 1526 688 1603 Δελφοὶ
701 1529 752 1601 τῆς
767 1523 926 1601 α’ρτοκόπου

119 1618 173 1690 τῆς
185 1615 312 1692 Κροίσου
326 1614 417 1676 εἰκόνα
429 1617 549 1696 λέγουσι
562 1615 641 1676 εἶναι.
681 1613 753 1692 πρὸς
765 1613 803 1684 δὲ,
817 1612 927 1689 καὶτῆς

122 1705 225 1765 ἑωυτοῦ
239 1701 368 1785 γυναικὸς
383 1703 419 1765 τυῖ
435 1703 492 1765 ἀπὸ
506 1707 558 1781 τῆς
575 1703 666 1782 δειρῆς
680 1701 797 1779 ἀνέθηκε
810 1699 827 1761 ὁ
840 1703 926 1778 Κροῖ-

120 1816 175 1855 σος
184 1790 289 1854 καὶτοῖς
299 1791 393 1863 ζιύνας.
413 1796 508 1853 Ταῦτα
517 1794 569 1869 μὲν
582 1798 609 1856 ἔς
623 1789 756 1867 Δελφούς
768 1788 924 1868 ἀπέπεμψε·
933 1790 973 1849 52

120 1884 161 1958 τῷ
174 1879 204 1939 δὲ
216 1878 386 1959 Ἀμφιάρεῳ,
396 1880 552 1958 πυθόμενος
564 1878 649 1940 αὐτοῦ
661 1879 713 1955 τήν
724 1902 756 1937 τε
768 1875 870 1954 ἀρετήν
879 1876 926 1935 καὶ

120 1967 175 2044 τήν
195 1965 295 2043 πάθην,
314 1967 429 2045 α’νέθηκε
450 1967 538 2033 σάκος
557 1993 589 2029 τε
609 1965 731 2047 χρύσεον
748 1969 806 2025 πῶν
825 1964 927 2040 ὁμοίως
985 1996 990 2005 =

122 2054 169 2115 καὶ
185 2055 290 2135 αἰχμήν
306 2056 423 2133 στερεήύ
439 2061 536 2118 πᾶσαν
548 2055 680 2134 χρυσέην,
693 2052 727 2114 τὰ
740 2052 844 2123 ξυστὸν
856 2056 926 2131 τῇσι

122 2142 249 2225 λόγχησι
262 2141 309 2203 ε’ὂν
321 2142 423 2220 ὁμοίως
434 2143 566 2223 χρύσεον·
581 2143 619 2203 τῶ
632 2144 672 2201 ἔτι
684 2141 730 2199 καὶ
740 2138 888 2216 ἀμφότερα
898 2144 926 2202 ἐς

124 2234 173 2308 ἐμὲ
189 2231 225 2308 ἦν
242 2231 353 2308 κείμενα
367 2236 401 2291 ,ἒν
417 2230 543 2309 Θήβησι,
560 2231 606 2289 καὶ
621 2227 755 2305 Θηβαίων
770 2231 801 2287 έν
814 2231 854 2306 τῷ
871 2252 927 2305 νηιρ

123 2323 175 2380 τοῦ
186 2318 332 2396 Ἰσμηνίου
344 2318 536 2382 Ἀπόλλωνος.
913 2356 916 2360 -

163 2412 246 2468 Τοῖσι
259 2407 289 2467 δὲ
301 2407 379 2489 ἄγειν
387 2408 593 2484 μέλλουσιτῶν
602 2404 700 2465 Λυδῶν
709 2407 797 2464 ταῦτα
806 2402 842 2463 τὰ
852 2402 926 2480 δῶρα
934 2403 974 2462 53

124 2502 152 2560 ἐς
171 2494 207 2556 τῶ
228 2495 274 2574 ίροὶ
291 2496 451 2557 ἐνετέλλετο
467 2494 483 2555 ὁ
500 2500 626 2572 Κροῖσος
641 2492 843 2570 ἐπειρωτῶντα
858 2518 926 2571 χρη-

124 2582 234 2661 στήρια,
251 2586 275 2643 εί
290 2582 475 2662 στρατεύηται
490 2583 537 2643 ε’πὶ
554 2583 669 2661 Πέρσας
684 2585 819 2660 Κροῖσος,
836 2581 882 2640 καὶ
900 2579 927 2639 εἴ

123 2697 185 2733 τινα
196 2671 319 2750 στρατῶν
334 2671 440 2751 α’νδρῶν
454 2672 625 2750 προσθέοιτο
640 2670 746 2749 φίλους
767 2668 804 2731 ῶς
818 2668 849 2728 δὲ
864 2666 927 2726 οἷπι·

125 2760 235 2836 κόμενοι
252 2765 281 2825 ές
297 2759 332 2820 τῶ
349 2759 578 2839 ἀπεπέμφθησαν
594 2762 622 2819 οἱ
638 2757 725 2819 Λυδοὶ
739 2756 876 2817 ἀνέθεσαν
890 2752 927 2813 τοὶ

124 2847 297 2924 ἀναθήματα,
313 2848 448 2927 ἐχρέωντο
464 2851 543 2909 τοῖσι
559 2845 767 2925 χρηστηρίοισι,
786 2843 926 2923 λέγοντες·

125 2939 278 3012 ((Κροῖσος,
294 2936 311 2996 ὁ
325 2936 424 2997 Λυδῶν
438 2960 469 2997 τε
485 2935 532 2994 καὶ
548 2932 645 2994 ἄλλων
662 2932 761 2993 ἐθνέων
778 2927 927 3006 βασιλεύς,

124 3025 242 3101 νομίσας
261 3023 327 3084 τάδε
347 3022 467 3101 μαντήῖα
487 3022 558 3083 εἶναι
579 3024 670 3099 μυῶνα
693 3024 722 3080 ἔν
745 3015 926 3094 ἀνθρώποισι,

124 3112 190 3188 ύμῖν
205 3136 237 3172 τε
254 3111 319 3181 ἄξια
337 3112 410 3189 δῶρα
429 3112 509 3171 ἔδωκε
526 3113 583 3171 τῶν
601 3105 798 3184 ἐξευρημάτων,
815 3103 861 3161 καὶ
879 3105 928 3162 νῦν

124 3200 209 3277 ύμέας
227 3203 369 3279 ἐπειρωτᾷ,
386 3204 411 3259 εί
430 3197 617 3276 στρατεύηται
638 3195 683 3254 ἐπὶ
701 3193 825 3269 Πέρσας,
841 3190 888 3249 καὶ
904 3188 930 3248 εἴ

125 3313 187 3349 τινα
199 3286 322 3365 στρατῶν
334 3286 441 3364 ἀνδρῶν
454 3284 624 3363 προσθέοιτο
636 3280 787 3360 σύμμαχον
794 3276 822 3349 3⁸⁸
836 3280 864 3337 οἱ
875 3278 929 3354 μὲν

957 3368 1067 3467 Δ
