2150 3500
118 121 266 188 ιιι-ιιι]
468 124 582 174 mm
892 126 922 177 ιτ

114 201 225 284 πάγου·
248 203 296 262 καὶ
314 201 437 281 πρόκατε
459 202 494 280 δή
515 202 575 264 κατ’
593 202 659 264 όδδν
679 201 856 281 πυνθάνομαι
874 203 924 265 τάν

114 289 213 352 πάντα
234 291 322 374 λόγον
344 290 522 369 θεράποντος,
545 291 577 355 ὃς
603 293 653 369 ἐμὲ
677 292 850 369 προπέμπων
873 291 924 362 ἔξω

114 377 220 443 πόλιος
239 379 389 458 ἐνεχείρισε
406 379 440 440 τό
457 381 577 457 βρέφος·
598 378 634 443 ὥς
651 377 707 456 ἀρα
724 378 876 455 Μανδάνης
891 405 923 439 τε

115 466 162 541 εἴη
172 470 239 530 παῖς
251 471 301 543 τῆς
312 465 475 549 Ἀστυάγεα
485 466 630 548 θυγατρός,
641 468 687 526 καὶ
698 466 863 544 Καμβύσεω
872 471 922 528 τοῦ

115 553 226 632 Κύρου·
253 556 301 613 καί
320 579 371 632 μιν
388 553 549 635 Ἀστυάγης
568 557 729 614 ἐντέλλεται
744 553 920 615 ἀποκτεῖναι·

114 644 168 701 νῦν
180 665 212 700 τε
226 640 273 701 ὅδε
286 640 373 702 ἐστί.”
401 640 481 719 ‘Apa
493 643 524 701 δὲ
536 647 625 703 ταῦτα
637 640 745 723 έλεγεά
761 641 901 719 βουκόλος
910 644 968 704 112

114 729 166 788 καὶ
186 727 345 806 ἐκκαλύψας
362 728 530 790 ἀπεδείκνυε·
550 729 569 806 ή
588 729 618 789 δέ
635 729 671 792 ὦς
689 729 743 789 εἶδε
759 730 793 790 τό
811 731 921 791 παιδίον

113 816 193 898 μέγα
211 843 243 877 τε
263 818 310 876 καὶ
330 815 429 880 ε’ύειδὲς
449 817 502 889 ε’δν,
519 816 687 896 δακρύσασα
706 819 753 877 καὶ
771 818 920 896 λαβομένη

112 908 174 964 τῶν
188 903 329 986 γουνάτων
344 908 394 965 τοῦ
412 905 518 983 ἀνδρὸς,
532 906 768 985 έχρῃζεμηδεμιῇ
779 907 864 986 τέχνῃ
878 911 919 966 ἐκ·

114 991 211 1054 θεῖναί
224 1018 283 1070 μιν·
303 991 319 1053 ὅ
336 993 367 1052 δὲ
385 991 435 1052 ούκ
454 995 509 1070 ἔφη
525 993 583 1056 οἶός
599 1019 631 1053 τε
648 994 718 1053 εἶναι
735 992 829 1056 ἄλλως
848 993 918 1054 αύτά

113 1080 231 1162 ποιέειν·
252 1079 446 1157 ἐπιφοιτήσειν
457 1081 513 1162 γάρ
526 1080 721 1145 κατασκόπους
733 1081 765 1151 ἐξ
774 1080 919 1163 Ἁρπάγου

114 1168 318 1246 ἐποψομένους·
338 1168 514 1230 ἀπολέεσθαί
530 1194 563 1229 τε
582 1167 702 1229 κάκιστα
720 1167 755 1244 ἢν
777 1168 819 1246 μή
841 1176 919 1246 σφεα

113 1255 235 1336 ποιήσῃ·
257 1256 292 1320 ὦς
312 1256 342 1316 δέ
362 1255 412 1316 ούκ
433 1257 524 1317 ἔπειθε
544 1253 599 1333 ἀρα
617 1255 668 1316 τάν
689 1255 784 1333 ἀνδρα,
805 1255 919 1334 δεύτερα

113 1344 196 1424 λέγει
204 1343 224 1420 ἡ
233 1343 303 1425 γυυή
314 1342 389 1404 τάδε·
403 1345 484 1402 “ἐπεὶ
492 1345 586 1404 τοίνυν
597 1341 630 1402 ού
640 1342 761 1420 δύναμαί
770 1369 806 1403 σε
814 1345 919 1405 πείθειν
943 1391 948 1400 ,

112 1429 157 1507 μή
169 1432 296 1503 ἐκθεῖναι,
308 1429 344 1491 σύ
356 1431 386 1492 δέ
399 1429 450 1491 ὧδε
459 1431 589 1508 ποίησον,
599 1433 623 1490 εἶ
632 1430 666 1506 δή
677 1429 759 1491 πᾶσά
767 1458 802 1513 γε
811 1429 918 1514 ἀνάγκη

113 1517 241 1595 ὀφθῆναι
257 1520 422 1597 ἐκκείμενον·
441 1519 542 1579 τέτοκα
559 1518 614 1599 γάρ
633 1520 680 1578 καὶ
697 1519 760 1600 ἐγῶ,
773 1519 873 1579 τέτοκα
888 1520 918 1580 δὲ

112 1606 236 1671 τεθνεός·
250 1612 334 1668 τοῦτο
346 1609 399 1685 μέν
408 1606 501 1684 φέρων
511 1605 623 1684 πρόθες,
632 1605 682 1667 τδν
694 1607 724 1666 δέ
736 1611 787 1684 τῆς
798 1606 918 1668 Ἀστυά-

112 1720 171 1777 γεω
189 1695 325 1779 θυγατρός
340 1694 428 1755 παῖδα
447 1693 483 1758 ὥς
502 1694 535 1765 ἐξ
551 1693 645 1772 ήμέων
662 1693 743 1757 ἐόντα
761 1696 916 1774 τρέφωμεν·

114 1785 164 1843 καὶ
181 1784 252 1845 οὕτω
272 1783 335 1845 ούτε
354 1784 392 1844 σύ
409 1782 535 1843 ἀλύσεαι
552 1783 667 1844 ἀδικέων
684 1784 750 1849 τούς
769 1784 915 1854 δεσπότας,

114 1870 180 1932 ούτε
192 1870 260 1948 ἡμῖν
273 1874 363 1935 κακῶς
376 1871 591 1949 βεβουλευμένα
604 1873 693 1931 ἔσται·
713 1871 730 1932 ὅ
744 1898 776 1931 τε
787 1871 843 1954 γάρ
855 1872 916 1933 τεθ-

112 1959 183 2024 νεώς
201 1960 357 2037 βασιληίης
375 1963 469 2035 ταφῆς
488 1960 613 2038 κυρήσει,
629 1961 677 2019 καὶ
695 1958 712 2021 ό
731 1960 848 2037 περιεάν
865 1959 915 2020 οίκ

113 2045 232 2107 ἀπολέει
244 2048 296 2125 τήν
309 2047 427 2127 ψυχήν.”
460 2047 561 2125 Κάρτα
576 2073 607 2108 τε
623 2047 700 2117 ὃοξε
713 2051 753 2125 τῷ
764 2046 894 2126 βουκόλῳ
905 2050 963 2107 113

112 2135 186 2213 πρός
197 2136 234 2196 ταὶ
244 2135 383 2214 παρεόντα
398 2135 427 2195 εὖ
437 2137 530 2216 λέγειν
538 2134 558 2211 ή
566 2134 646 2215 γυνή,
656 2135 703 2193 καὶ
715 2134 813 2194 αὐτίκα
825 2136 915 2195 ἐποίεε

111 2226 213 2284 ταῦτα.
253 2224 302 2285 τὸν
316 2226 369 2301 μὲν
381 2226 463 2301 ἔφερε
477 2222 644 2283 θανατώσων
655 2222 743 2281 παῖδα
753 2226 852 2281 τοῦτον
863 2224 915 2299 μὲν

112 2312 263 2389 παραδιδοῖ
280 2315 317 2391 τῇ
337 2314 437 2371 ἑωυτοῦ
456 2310 575 2393 γυναικί,
594 2308 645 2369 τάν
664 2309 694 2369 δὲ
714 2312 815 2369 ἑωυτοῦ
834 2308 914 2370 ἐόντα

112 2399 212 2478 νεκρόν
231 2400 331 2477 λαβών
351 2400 431 2476 ἔθηκε
452 2403 479 2461 ἐς
498 2396 532 2458 τά
551 2396 639 2479 ἀγγας
658 2402 688 2457 ἐν
706 2400 745 2477 τῷ
763 2398 845 2475 ἔφερε
863 2398 914 2460 τόν

113 2488 218 2565 ἔτερον·
239 2486 387 2565 κοσμήσας
407 2486 437 2546 δέ
458 2490 497 2565 τῷ
520 2484 618 2565 κόσμκρ
640 2485 724 2545 παντὶ
745 2490 795 2545 τοῦ
818 2487 914 2565 ἐτέρου

112 2575 220 2650 παιδός,
238 2576 330 2653 φέρων
350 2580 378 2638 ἐς
394 2574 427 2635 τὸ
448 2572 621 2651 ἐρημότατον
636 2577 692 2634 τῶν
711 2571 813 2651 ούρέων
832 2576 912 2635 τιθεῖ.

113 2662 150 2727 ὥς
166 2663 198 2722 δέ
214 2665 294 2741 τρίτη
305 2662 396 2741 ήμέρη
412 2665 450 2740 τῷ
464 2660 565 2740 παιδίκρ
582 2662 725 2741 ἐκκειμένῳ
740 2663 856 2743 ἐγένετο,
868 2661 913 2739 ήῖε

112 2756 142 2815 ἐς
156 2749 243 2811 πόλιν
259 2751 274 2811 ὁ
292 2751 434 2827 βουκόλος
448 2752 504 2809 τῶν
520 2774 584 2808 τινα
600 2750 771 2827 προβόσκων
784 2750 912 2827 φύλακον

112 2837 200 2900 advoc
219 2838 388 2910 καταλιπιύν,
406 2836 496 2899 ἐλθάν
516 2837 547 2897 δὲ
566 2842 594 2901 ἐς
612 2842 663 2898 τοῦ
680 2836 825 2918 Ἁρπάγου
843 2837 912 2897 ἀπο-

112 2926 249 2988 δεικνύναι
269 2927 324 3003 ἐφη
342 2930 452 3004 ἐτοῖμος
470 2924 541 2987 εἶναι
558 2929 609 2985 τοῦ
626 2925 737 2985 παιδίου
755 2924 805 2985 τάν
822 2925 911 2985 νέκυν·

112 3016 228 3093 πέμψας
244 3014 274 3075 δὲ
289 3014 306 3074 ό
319 3013 465 3095 Ἀρπαγας
480 3017 536 3074 τῶν
553 3016 653 3072 έωυτοῦ
670 3009 832 3089 δορυφόρων
847 3011 912 3074 τούς

112 3101 307 3175 πιστοτάτους,
322 3101 378 3163 εἶδέ
390 3126 422 3161 τε
438 3100 484 3163 διά
497 3099 603 3162 τούτων
618 3101 665 3159 καὶ
681 3100 766 3175 ἔθαψε
779 3104 830 3159 τοῦ
842 3101 911 3175 βου-

113 3190 201 3252 κόλου
225 3191 260 3252 τδ
285 3190 404 3251 παιδίον·
432 3190 478 3249 καὶ
503 3188 536 3250 τό
559 3190 612 3265 μέν
637 3188 781 3247 ἐτέθαπτο·
805 3187 856 3247 τδν
881 3188 912 3247 δὲ

112 3278 232 3403 ύστερρν
250 3278 353 3341 τούτων
373 3281 469 3355 Κῦρον
487 3275 682 3353 ὀνομασθέντα
699 3276 912 3352 παραλαβοῦσα
