<?xml version="1.0" encoding="UTF-8"?>
<!DOCTYPE html PUBLIC "-//W3C//DTD XHTML 1.0 Transitional//EN"
    "http://www.w3.org/TR/xhtml1/DTD/xhtml1-transitional.dtd">
<html xmlns="http://www.w3.org/1999/xhtml" xml:lang="en" lang="en">
 <head>
  <title>
</title>
<meta http-equiv="Content-Type" content="text/html;charset=utf-8" />
  <meta name='ocr-system' content='tesseract 3.04.00' />
  <meta name='ocr-capabilities' content='ocr_page ocr_carea ocr_par ocr_line ocrx_word'/>
</head>
<body>
  <div class='ocr_page' id='page_1' title='image "./herodotus00blakgoog_0224.png"; bbox 0 0 2150 3500; ppageno 0'>
   <div class='ocr_carea' id='block_1_1' title="bbox 87 92 890 252">
    <p class='ocr_par' dir='ltr' id='par_1_1' title="bbox 87 92 890 252">
     <span class='ocr_line' id='line_1_1' title="bbox 92 92 889 158; baseline 0.001 -15"><span class='ocrx_word' id='word_1_1' title='bbox 92 93 189 158; x_wconf 73' lang='lat'>1⁵‚161</span> <span class='ocrx_word' id='word_1_2' title='bbox 428 94 563 142; x_wconf 75' lang='grc' dir='ltr'>οιΑυιΔ.</span> <span class='ocrx_word' id='word_1_3' title='bbox 841 92 889 144; x_wconf 79' lang='lat'>207</span> 
     </span>
     <span class='ocr_line' id='line_1_2' title="bbox 87 170 890 252; baseline -0.007 -17"><span class='ocrx_word' id='word_1_4' title='bbox 87 177 200 252; x_wconf 79' lang='grc' dir='ltr'>πρῶτον</span> <span class='ocrx_word' id='word_1_5' title='bbox 212 171 412 233; x_wconf 72' lang='grc' dir='ltr'>κατακοπέντα·</span> <span class='ocrx_word' id='word_1_6' title='bbox 433 170 518 232; x_wconf 82' lang='grc' dir='ltr'>αύτόν</span> <span class='ocrx_word' id='word_1_7' title='bbox 531 171 562 231; x_wconf 80' lang='grc' dir='ltr'>δὲ</span> <span class='ocrx_word' id='word_1_8' title='bbox 574 171 757 249; x_wconf 80' lang='grc' dir='ltr'>Ψαμμήνιτον</span> <span class='ocrx_word' id='word_1_9' title='bbox 769 171 890 248; x_wconf 76' lang='grc' dir='ltr'>ἀναστή-</span> 
     </span>
    </p>
   </div>
   <div class='ocr_carea' id='block_1_2' title="bbox 88 227 1045 340">
    <p class='ocr_par' dir='ltr' id='par_1_2' title="bbox 88 227 1046 370">
     <span class='ocr_line' id='line_1_3' title="bbox 88 227 1045 340; baseline -0.002 -20"><span class='ocrx_word' id='word_1_10' title='bbox 88 286 190 324; x_wconf 84' lang='grc' dir='ltr'>σαντες</span> <span class='ocrx_word' id='word_1_11' title='bbox 211 258 283 340; x_wconf 76' lang='grc' dir='ltr'>ἦγον</span> <span class='ocrx_word' id='word_1_12' title='bbox 308 258 386 336; x_wconf 73' lang='grc' dir='ltr'>παρὰ</span> <span class='ocrx_word' id='word_1_13' title='bbox 409 259 584 336; x_wconf 81' lang='grc' dir='ltr'>Καμβύσεα·</span> <span class='ocrx_word' id='word_1_14' title='bbox 626 261 692 320; x_wconf 88' lang='grc' dir='ltr'>ἐνθα</span> <span class='ocrx_word' id='word_1_15' title='bbox 714 263 765 318; x_wconf 88' lang='grc' dir='ltr'>τοῦ</span> <span class='ocrx_word' id='word_1_16' title='bbox 789 262 892 319; x_wconf 82' lang='grc' dir='ltr'>λοιποῦ</span> <span class='ocrx_word' id='word_1_17' title='bbox 1043 227 1045 320; x_wconf 61' lang='grc' dir='ltr'>δ</span> 
     </span>
    </p>
   </div>
   <div class='ocr_carea' id='block_1_3' title="bbox 14 346 938 3306">
    <p class='ocr_par' dir='ltr' id='par_1_3' title="bbox 14 346 938 3306">
     <span class='ocr_line' id='line_1_4' title="bbox 89 346 890 427; baseline -0.004 -18"><span class='ocrx_word' id='word_1_18' title='bbox 89 348 214 409; x_wconf 81' lang='grc' dir='ltr'>διαιτᾶτο</span> <span class='ocrx_word' id='word_1_19' title='bbox 228 349 298 427; x_wconf 84' lang='grc' dir='ltr'>ἔχων</span> <span class='ocrx_word' id='word_1_20' title='bbox 316 346 396 407; x_wconf 82' lang='grc' dir='ltr'>ούδέν</span> <span class='ocrx_word' id='word_1_21' title='bbox 414 348 519 422; x_wconf 89' lang='grc' dir='ltr'>βίαιον·</span> <span class='ocrx_word' id='word_1_22' title='bbox 541 350 566 409; x_wconf 79' lang='grc' dir='ltr'>εἰ</span> <span class='ocrx_word' id='word_1_23' title='bbox 584 347 613 405; x_wconf 82' lang='grc' dir='ltr'>δέ</span> <span class='ocrx_word' id='word_1_24' title='bbox 631 348 678 405; x_wconf 85' lang='grc' dir='ltr'>καὶ</span> <span class='ocrx_word' id='word_1_25' title='bbox 692 346 836 423; x_wconf 82' lang='grc' dir='ltr'>ήπυστήθη</span> <span class='ocrx_word' id='word_1_26' title='bbox 849 347 890 423; x_wconf 81' lang='grc' dir='ltr'>μή</span> 
     </span>
     <span class='ocr_line' id='line_1_5' title="bbox 88 431 889 516; baseline -0.002 -21"><span class='ocrx_word' id='word_1_27' title='bbox 88 438 344 516; x_wconf 85' lang='grc' dir='ltr'>πολυπρηγμονεῖν,</span> <span class='ocrx_word' id='word_1_28' title='bbox 365 431 496 511; x_wconf 77' lang='grc' dir='ltr'>ἀπέλαβε</span> <span class='ocrx_word' id='word_1_29' title='bbox 516 431 552 495; x_wconf 81' lang='grc' dir='ltr'>ἂν</span> <span class='ocrx_word' id='word_1_30' title='bbox 571 435 714 515; x_wconf 84' lang='grc' dir='ltr'>Αἴγυπτον</span> <span class='ocrx_word' id='word_1_31' title='bbox 740 433 813 494; x_wconf 79' lang='grc' dir='ltr'>ὥστε</span> <span class='ocrx_word' id='word_1_32' title='bbox 833 440 889 494; x_wconf 86' lang='grc' dir='ltr'>ἐπι·</span> 
     </span>
     <span class='ocr_line' id='line_1_6' title="bbox 87 521 891 601; baseline -0.004 -16"><span class='ocrx_word' id='word_1_33' title='bbox 87 523 233 601; x_wconf 87' lang='grc' dir='ltr'>τροπεύειν</span> <span class='ocrx_word' id='word_1_34' title='bbox 256 521 350 598; x_wconf 82' lang='grc' dir='ltr'>αύτῆς·</span> <span class='ocrx_word' id='word_1_35' title='bbox 389 522 450 581; x_wconf 84' lang='grc' dir='ltr'>ἐπεὶ</span> <span class='ocrx_word' id='word_1_36' title='bbox 469 525 554 599; x_wconf 84' lang='grc' dir='ltr'>τιμᾶν</span> <span class='ocrx_word' id='word_1_37' title='bbox 578 522 682 581; x_wconf 76' lang='grc' dir='ltr'>ἐώθασι</span> <span class='ocrx_word' id='word_1_38' title='bbox 704 523 816 599; x_wconf 83' lang='grc' dir='ltr'>Πέρσαι</span> <span class='ocrx_word' id='word_1_39' title='bbox 836 525 891 582; x_wconf 81' lang='grc' dir='ltr'>τῶν</span> 
     </span>
     <span class='ocr_line' id='line_1_7' title="bbox 87 607 890 689; baseline -0.004 -18"><span class='ocrx_word' id='word_1_40' title='bbox 87 612 235 689; x_wconf 88' lang='grc' dir='ltr'>βασιλέων</span> <span class='ocrx_word' id='word_1_41' title='bbox 249 608 315 673; x_wconf 77' lang='grc' dir='ltr'>τούς</span> <span class='ocrx_word' id='word_1_42' title='bbox 330 608 440 671; x_wconf 81' lang='grc' dir='ltr'>παῖδας·</span> <span class='ocrx_word' id='word_1_43' title='bbox 460 613 524 679; x_wconf 79' lang='grc' dir='ltr'>τῶν,</span> <span class='ocrx_word' id='word_1_44' title='bbox 541 607 576 685; x_wconf 82' lang='grc' dir='ltr'>ἣν</span> <span class='ocrx_word' id='word_1_45' title='bbox 592 610 640 668; x_wconf 91' lang='grc' dir='ltr'>καί</span> <span class='ocrx_word' id='word_1_46' title='bbox 656 614 753 685; x_wconf 90' lang='grc' dir='ltr'>σφεων</span> <span class='ocrx_word' id='word_1_47' title='bbox 770 607 890 670; x_wconf 87' lang='grc' dir='ltr'>οἷποστέ-</span> 
     </span>
     <span class='ocr_line' id='line_1_8' title="bbox 88 695 891 777; baseline 0 -20"><span class='ocrx_word' id='word_1_48' title='bbox 88 724 151 769; x_wconf 85' lang='grc' dir='ltr'>ωσι,</span> <span class='ocrx_word' id='word_1_49' title='bbox 177 697 251 775; x_wconf 89' lang='grc' dir='ltr'>ὅμως</span> <span class='ocrx_word' id='word_1_50' title='bbox 274 696 354 756; x_wconf 84' lang='grc' dir='ltr'>τοῖσί</span> <span class='ocrx_word' id='word_1_51' title='bbox 373 721 407 777; x_wconf 85' lang='grc' dir='ltr'>γε</span> <span class='ocrx_word' id='word_1_52' title='bbox 429 697 515 755; x_wconf 85' lang='grc' dir='ltr'>παισὶ</span> <span class='ocrx_word' id='word_1_53' title='bbox 537 695 627 755; x_wconf 82' lang='grc' dir='ltr'>αύτῶν</span> <span class='ocrx_word' id='word_1_54' title='bbox 653 695 818 755; x_wconf 76' lang='grc' dir='ltr'>ἀποδιδοῦσι</span> <span class='ocrx_word' id='word_1_55' title='bbox 838 696 891 772; x_wconf 78' lang='grc' dir='ltr'>τήν</span> 
     </span>
     <span class='ocr_line' id='line_1_9' title="bbox 88 781 891 865; baseline -0.005 -20"><span class='ocrx_word' id='word_1_56' title='bbox 88 785 188 865; x_wconf 74' lang='grc' dir='ltr'>ἀρχήν·</span> <span class='ocrx_word' id='word_1_57' title='bbox 209 786 348 845; x_wconf 78' lang='grc' dir='ltr'>πολλοῖσι</span> <span class='ocrx_word' id='word_1_58' title='bbox 360 783 413 860; x_wconf 86' lang='grc' dir='ltr'>μέν</span> <span class='ocrx_word' id='word_1_59' title='bbox 427 808 476 843; x_wconf 89' lang='grc' dir='ltr'>νυν</span> <span class='ocrx_word' id='word_1_60' title='bbox 489 783 535 842; x_wconf 83' lang='grc' dir='ltr'>καὶ</span> <span class='ocrx_word' id='word_1_61' title='bbox 553 781 675 843; x_wconf 75' lang='grc' dir='ltr'>ἄλλοισί</span> <span class='ocrx_word' id='word_1_62' title='bbox 685 788 748 843; x_wconf 91' lang='grc' dir='ltr'>ἐστι</span> <span class='ocrx_word' id='word_1_63' title='bbox 761 784 891 861; x_wconf 81' lang='grc' dir='ltr'>σταθμοί·</span> 
     </span>
     <span class='ocr_line' id='line_1_10' title="bbox 88 869 888 948; baseline -0.004 -14"><span class='ocrx_word' id='word_1_64' title='bbox 88 874 206 942; x_wconf 89' lang='grc' dir='ltr'>σασθαι,</span> <span class='ocrx_word' id='word_1_65' title='bbox 221 872 264 933; x_wconf 86' lang='grc' dir='ltr'>ὅτι</span> <span class='ocrx_word' id='word_1_66' title='bbox 275 875 360 932; x_wconf 80' lang='grc' dir='ltr'>τοῦτο</span> <span class='ocrx_word' id='word_1_67' title='bbox 378 869 449 931; x_wconf 82' lang='grc' dir='ltr'>οὕτω</span> <span class='ocrx_word' id='word_1_68' title='bbox 466 870 629 947; x_wconf 83' lang='grc' dir='ltr'>νενομίκασι</span> <span class='ocrx_word' id='word_1_69' title='bbox 642 872 753 943; x_wconf 84' lang='grc' dir='ltr'>ποιέειν,</span> <span class='ocrx_word' id='word_1_70' title='bbox 768 876 797 931; x_wconf 92' lang='grc' dir='ltr'>ἐν</span> <span class='ocrx_word' id='word_1_71' title='bbox 810 872 840 930; x_wconf 81' lang='grc' dir='ltr'>δὲ</span> <span class='ocrx_word' id='word_1_72' title='bbox 853 871 888 948; x_wconf 77' lang='grc' dir='ltr'>δή</span> 
     </span>
     <span class='ocr_line' id='line_1_11' title="bbox 89 956 891 1039; baseline 0 -20"><span class='ocrx_word' id='word_1_73' title='bbox 89 961 138 1019; x_wconf 80' lang='grc' dir='ltr'>καὶ</span> <span class='ocrx_word' id='word_1_74' title='bbox 149 960 226 1039; x_wconf 79' lang='grc' dir='ltr'>τῷδε,</span> <span class='ocrx_word' id='word_1_75' title='bbox 239 962 278 1038; x_wconf 78' lang='grc' dir='ltr'>τῷ</span> <span class='ocrx_word' id='word_1_76' title='bbox 294 958 404 1035; x_wconf 86' lang='grc' dir='ltr'>Λίβυος</span> <span class='ocrx_word' id='word_1_77' title='bbox 420 956 518 1035; x_wconf 78' lang='grc' dir='ltr'>Ἰνάρω</span> <span class='ocrx_word' id='word_1_78' title='bbox 534 957 614 1018; x_wconf 82' lang='grc' dir='ltr'>παιδὶ</span> <span class='ocrx_word' id='word_1_79' title='bbox 629 956 765 1036; x_wconf 76' lang='grc' dir='ltr'>Θαννύρᾳ,</span> <span class='ocrx_word' id='word_1_80' title='bbox 779 958 810 1023; x_wconf 84' lang='grc' dir='ltr'>ὃς</span> <span class='ocrx_word' id='word_1_81' title='bbox 824 958 891 1019; x_wconf 76' lang='grc' dir='ltr'>εἶπέ·</span> 
     </span>
     <span class='ocr_line' id='line_1_12' title="bbox 87 1044 891 1125; baseline 0 -18"><span class='ocrx_word' id='word_1_82' title='bbox 87 1049 167 1124; x_wconf 90' lang='grc' dir='ltr'>λαβε</span> <span class='ocrx_word' id='word_1_83' title='bbox 178 1046 229 1123; x_wconf 87' lang='grc' dir='ltr'>τήν</span> <span class='ocrx_word' id='word_1_84' title='bbox 242 1050 269 1106; x_wconf 83' lang='grc' dir='ltr'>οἱ</span> <span class='ocrx_word' id='word_1_85' title='bbox 282 1045 299 1107; x_wconf 84' lang='grc' dir='ltr'>ύ</span> <span class='ocrx_word' id='word_1_86' title='bbox 311 1044 405 1123; x_wconf 81' lang='grc' dir='ltr'>πατήρ</span> <span class='ocrx_word' id='word_1_87' title='bbox 419 1044 478 1125; x_wconf 82' lang='grc' dir='ltr'>εἶχε</span> <span class='ocrx_word' id='word_1_88' title='bbox 491 1044 592 1125; x_wconf 86' lang='grc' dir='ltr'>α’ρχήν·</span> <span class='ocrx_word' id='word_1_89' title='bbox 612 1046 659 1104; x_wconf 82' lang='grc' dir='ltr'>καὶ</span> <span class='ocrx_word' id='word_1_90' title='bbox 670 1048 710 1124; x_wconf 76' lang='grc' dir='ltr'>τῷ</span> <span class='ocrx_word' id='word_1_91' title='bbox 721 1044 891 1124; x_wconf 83' lang='grc' dir='ltr'>Ἀμυρταίου</span> 
     </span>
     <span class='ocr_line' id='line_1_13' title="bbox 14 1130 892 1213; baseline 0.001 -20"><span class='ocrx_word' id='word_1_92' title='bbox 14 1148 15 1153; x_wconf 78' lang='grc'>’</span> <span class='ocrx_word' id='word_1_93' title='bbox 89 1136 225 1211; x_wconf 84' lang='grc' dir='ltr'>Παυσίρι·</span> <span class='ocrx_word' id='word_1_94' title='bbox 253 1133 373 1213; x_wconf 75' lang='grc' dir='ltr'>καὶγὰρ</span> <span class='ocrx_word' id='word_1_95' title='bbox 394 1130 475 1196; x_wconf 80' lang='grc' dir='ltr'>οὗτος</span> <span class='ocrx_word' id='word_1_96' title='bbox 494 1132 626 1208; x_wconf 78' lang='grc' dir='ltr'>ἀπέλαβε</span> <span class='ocrx_word' id='word_1_97' title='bbox 644 1132 698 1208; x_wconf 84' lang='grc' dir='ltr'>τήν</span> <span class='ocrx_word' id='word_1_98' title='bbox 716 1137 766 1193; x_wconf 90' lang='grc' dir='ltr'>τοῦ</span> <span class='ocrx_word' id='word_1_99' title='bbox 786 1135 892 1211; x_wconf 83' lang='grc' dir='ltr'>πατρὸς</span> 
     </span>
     <span class='ocr_line' id='line_1_14' title="bbox 89 1219 892 1301; baseline 0 -20"><span class='ocrx_word' id='word_1_100' title='bbox 89 1221 191 1301; x_wconf 86' lang='grc' dir='ltr'>α’ρχήν.</span> <span class='ocrx_word' id='word_1_101' title='bbox 212 1221 302 1283; x_wconf 88' lang='grc' dir='ltr'>καίτοι</span> <span class='ocrx_word' id='word_1_102' title='bbox 312 1219 410 1297; x_wconf 77' lang='grc' dir='ltr'>Ἰνάρω</span> <span class='ocrx_word' id='word_1_103' title='bbox 425 1245 457 1280; x_wconf 87' lang='grc' dir='ltr'>τε</span> <span class='ocrx_word' id='word_1_104' title='bbox 475 1220 522 1281; x_wconf 84' lang='grc' dir='ltr'>καὶ</span> <span class='ocrx_word' id='word_1_105' title='bbox 534 1219 704 1297; x_wconf 84' lang='grc' dir='ltr'>Ἀμυρταίου</span> <span class='ocrx_word' id='word_1_106' title='bbox 722 1220 842 1297; x_wconf 85' lang='grc' dir='ltr'>ούδαμοί</span> <span class='ocrx_word' id='word_1_107' title='bbox 853 1247 892 1281; x_wconf 87' lang='grc' dir='ltr'>κω</span> 
     </span>
     <span class='ocr_line' id='line_1_15' title="bbox 90 1306 892 1389; baseline 0.001 -22"><span class='ocrx_word' id='word_1_108' title='bbox 90 1310 207 1387; x_wconf 86' lang='grc' dir='ltr'>Πέρσας</span> <span class='ocrx_word' id='word_1_109' title='bbox 232 1308 303 1368; x_wconf 74' lang='grc' dir='ltr'>κακὰ</span> <span class='ocrx_word' id='word_1_110' title='bbox 327 1309 405 1368; x_wconf 89' lang='grc' dir='ltr'>πλέω</span> <span class='ocrx_word' id='word_1_111' title='bbox 431 1306 598 1389; x_wconf 76' lang='grc' dir='ltr'>ἐργάσαντο.</span> <span class='ocrx_word' id='word_1_112' title='bbox 639 1312 688 1369; x_wconf 88' lang='grc' dir='ltr'>νῦν</span> <span class='ocrx_word' id='word_1_113' title='bbox 711 1307 742 1367; x_wconf 83' lang='grc' dir='ltr'>δὲ</span> <span class='ocrx_word' id='word_1_114' title='bbox 763 1309 892 1387; x_wconf 83' lang='grc' dir='ltr'>μηχαναί-</span> 
     </span>
     <span class='ocr_line' id='line_1_16' title="bbox 89 1393 892 1473; baseline -0.002 -16"><span class='ocrx_word' id='word_1_115' title='bbox 89 1421 173 1473; x_wconf 84' lang='grc' dir='ltr'>μενος</span> <span class='ocrx_word' id='word_1_116' title='bbox 192 1395 264 1456; x_wconf 72' lang='grc' dir='ltr'>κακοῖ</span> <span class='ocrx_word' id='word_1_117' title='bbox 281 1394 297 1455; x_wconf 84' lang='grc' dir='ltr'>ὁ</span> <span class='ocrx_word' id='word_1_118' title='bbox 314 1393 496 1472; x_wconf 75' lang='grc' dir='ltr'>Ψαμμήνιτος</span> <span class='ocrx_word' id='word_1_119' title='bbox 514 1396 605 1471; x_wconf 85' lang='grc' dir='ltr'>ἔλαβε</span> <span class='ocrx_word' id='word_1_120' title='bbox 624 1395 675 1456; x_wconf 80' lang='grc' dir='ltr'>τδν</span> <span class='ocrx_word' id='word_1_121' title='bbox 694 1394 808 1472; x_wconf 91' lang='grc' dir='ltr'>μισθόν·</span> <span class='ocrx_word' id='word_1_122' title='bbox 829 1395 892 1455; x_wconf 88' lang='grc' dir='ltr'>οἶπι·</span> 
     </span>
     <span class='ocr_line' id='line_1_17' title="bbox 90 1481 891 1564; baseline 0.005 -21"><span class='ocrx_word' id='word_1_123' title='bbox 90 1482 163 1547; x_wconf 74' lang='grc' dir='ltr'>στὰς</span> <span class='ocrx_word' id='word_1_124' title='bbox 188 1482 242 1564; x_wconf 75' lang='grc' dir='ltr'>γὰρ</span> <span class='ocrx_word' id='word_1_125' title='bbox 269 1481 437 1562; x_wconf 82' lang='grc' dir='ltr'>Αἰγυπτίους</span> <span class='ocrx_word' id='word_1_126' title='bbox 456 1481 525 1559; x_wconf 81' lang='grc' dir='ltr'>ἥλω·</span> <span class='ocrx_word' id='word_1_127' title='bbox 567 1484 631 1543; x_wconf 87' lang='grc' dir='ltr'>ἐπεί</span> <span class='ocrx_word' id='word_1_128' title='bbox 653 1509 685 1544; x_wconf 87' lang='grc' dir='ltr'>τε</span> <span class='ocrx_word' id='word_1_129' title='bbox 708 1483 739 1543; x_wconf 82' lang='grc' dir='ltr'>δὲ</span> <span class='ocrx_word' id='word_1_130' title='bbox 759 1483 891 1547; x_wconf 59' lang='grc' dir='ltr'>ἐποῦστος</span> 
     </span>
     <span class='ocr_line' id='line_1_18' title="bbox 90 1567 891 1652; baseline 0 -21"><span class='ocrx_word' id='word_1_131' title='bbox 90 1571 199 1652; x_wconf 85' lang='grc' dir='ltr'>ἐγένετο</span> <span class='ocrx_word' id='word_1_132' title='bbox 212 1568 268 1629; x_wconf 84' lang='grc' dir='ltr'>ύπδ</span> <span class='ocrx_word' id='word_1_133' title='bbox 284 1567 458 1645; x_wconf 79' lang='grc' dir='ltr'>Καμβύσεω,</span> <span class='ocrx_word' id='word_1_134' title='bbox 472 1570 542 1646; x_wconf 83' lang='grc' dir='ltr'>αἷμα</span> <span class='ocrx_word' id='word_1_135' title='bbox 559 1571 663 1649; x_wconf 90' lang='grc' dir='ltr'>ταύρου</span> <span class='ocrx_word' id='word_1_136' title='bbox 682 1572 753 1631; x_wconf 73' lang='grc' dir='ltr'>πιιῦν</span> <span class='ocrx_word' id='word_1_137' title='bbox 771 1571 891 1632; x_wconf 75' lang='grc' dir='ltr'>ἀπέθανε</span> 
     </span>
     <span class='ocr_line' id='line_1_19' title="bbox 90 1653 717 1738; baseline 0.003 -21"><span class='ocrx_word' id='word_1_138' title='bbox 90 1660 273 1738; x_wconf 80' lang='grc' dir='ltr'>παραχρῆμα.</span> <span class='ocrx_word' id='word_1_139' title='bbox 315 1655 386 1715; x_wconf 79' lang='grc' dir='ltr'>οὕτω</span> <span class='ocrx_word' id='word_1_140' title='bbox 399 1655 434 1731; x_wconf 79' lang='grc' dir='ltr'>δή</span> <span class='ocrx_word' id='word_1_141' title='bbox 448 1653 529 1719; x_wconf 80' lang='grc' dir='ltr'>οὗτος</span> <span class='ocrx_word' id='word_1_142' title='bbox 543 1659 717 1736; x_wconf 87' lang='grc' dir='ltr'>ἐτελεύτησε.</span> 
     </span>
     <span class='ocr_line' id='line_1_20' title="bbox 133 1743 938 1824; baseline 0.001 -18"><span class='ocrx_word' id='word_1_143' title='bbox 133 1744 296 1824; x_wconf 88' lang='grc' dir='ltr'>Καμβύσης</span> <span class='ocrx_word' id='word_1_144' title='bbox 309 1743 339 1804; x_wconf 81' lang='grc' dir='ltr'>δέ</span> <span class='ocrx_word' id='word_1_145' title='bbox 352 1749 382 1803; x_wconf 91' lang='grc' dir='ltr'>ἐκ</span> <span class='ocrx_word' id='word_1_146' title='bbox 395 1743 529 1822; x_wconf 81' lang='grc' dir='ltr'>Μέμφιος</span> <span class='ocrx_word' id='word_1_147' title='bbox 546 1744 661 1808; x_wconf 76' lang='grc' dir='ltr'>ἀπίκετο</span> <span class='ocrx_word' id='word_1_148' title='bbox 675 1753 702 1812; x_wconf 85' lang='grc' dir='ltr'>ἐς</span> <span class='ocrx_word' id='word_1_149' title='bbox 716 1746 785 1813; x_wconf 78' lang='grc' dir='ltr'>Σιίῖν</span> <span class='ocrx_word' id='word_1_150' title='bbox 797 1746 890 1818; x_wconf 86' lang='grc' dir='ltr'>πόλιν,</span> <span class='ocrx_word' id='word_1_151' title='bbox 900 1749 938 1808; x_wconf 87' lang='grc'>16</span> 
     </span>
     <span class='ocr_line' id='line_1_21' title="bbox 89 1831 891 1912; baseline 0.001 -20"><span class='ocrx_word' id='word_1_152' title='bbox 89 1833 267 1912; x_wconf 76' lang='grc' dir='ltr'>βουλόμενος</span> <span class='ocrx_word' id='word_1_153' title='bbox 292 1835 412 1907; x_wconf 80' lang='grc' dir='ltr'>ποιῆσαι</span> <span class='ocrx_word' id='word_1_154' title='bbox 436 1831 472 1891; x_wconf 77' lang='grc' dir='ltr'>τᾶ</span> <span class='ocrx_word' id='word_1_155' title='bbox 492 1831 526 1907; x_wconf 81' lang='grc' dir='ltr'>δή</span> <span class='ocrx_word' id='word_1_156' title='bbox 547 1833 593 1892; x_wconf 79' lang='grc' dir='ltr'>καὶ</span> <span class='ocrx_word' id='word_1_157' title='bbox 613 1837 739 1910; x_wconf 86' lang='grc' dir='ltr'>ἐποίησε.</span> <span class='ocrx_word' id='word_1_158' title='bbox 781 1837 843 1895; x_wconf 89' lang='grc' dir='ltr'>ἐπεί</span> <span class='ocrx_word' id='word_1_159' title='bbox 859 1860 891 1895; x_wconf 91' lang='grc' dir='ltr'>τε</span> 
     </span>
     <span class='ocr_line' id='line_1_22' title="bbox 90 1917 892 2002; baseline 0.001 -22"><span class='ocrx_word' id='word_1_160' title='bbox 90 1919 147 2002; x_wconf 76' lang='grc' dir='ltr'>γεὶρ</span> <span class='ocrx_word' id='word_1_161' title='bbox 162 1921 268 1997; x_wconf 84' lang='grc' dir='ltr'>ἐσῆλθε</span> <span class='ocrx_word' id='word_1_162' title='bbox 281 1926 309 1985; x_wconf 86' lang='grc' dir='ltr'>ἐς</span> <span class='ocrx_word' id='word_1_163' title='bbox 321 1920 357 1980; x_wconf 82' lang='grc' dir='ltr'>τοὶ</span> <span class='ocrx_word' id='word_1_164' title='bbox 370 1922 420 1980; x_wconf 87' lang='grc' dir='ltr'>τοῦ</span> <span class='ocrx_word' id='word_1_165' title='bbox 429 1917 568 1996; x_wconf 79' lang='grc' dir='ltr'>Ἀμάσιος</span> <span class='ocrx_word' id='word_1_166' title='bbox 581 1923 662 1992; x_wconf 87' lang='grc' dir='ltr'>αι’κία,</span> <span class='ocrx_word' id='word_1_167' title='bbox 672 1921 771 1983; x_wconf 85' lang='grc' dir='ltr'>αύτίκα</span> <span class='ocrx_word' id='word_1_168' title='bbox 783 1923 892 1981; x_wconf 90' lang='grc' dir='ltr'>ἐκέλευε</span> 
     </span>
     <span class='ocr_line' id='line_1_23' title="bbox 90 2005 891 2086; baseline -0.004 -16"><span class='ocrx_word' id='word_1_169' title='bbox 90 2014 123 2070; x_wconf 86' lang='grc' dir='ltr'>ἐκ</span> <span class='ocrx_word' id='word_1_170' title='bbox 135 2011 186 2085; x_wconf 78' lang='grc' dir='ltr'>τῆς</span> <span class='ocrx_word' id='word_1_171' title='bbox 202 2012 295 2085; x_wconf 82' lang='grc' dir='ltr'>ταφῆς</span> <span class='ocrx_word' id='word_1_172' title='bbox 312 2007 363 2068; x_wconf 83' lang='grc' dir='ltr'>τδν</span> <span class='ocrx_word' id='word_1_173' title='bbox 379 2005 518 2083; x_wconf 78' lang='grc' dir='ltr'>Ἀμκίσιος</span> <span class='ocrx_word' id='word_1_174' title='bbox 537 2008 617 2067; x_wconf 90' lang='grc' dir='ltr'>νέκυν</span> <span class='ocrx_word' id='word_1_175' title='bbox 634 2009 761 2086; x_wconf 76' lang='grc' dir='ltr'>ἐκφέρειν</span> <span class='ocrx_word' id='word_1_176' title='bbox 775 2009 834 2078; x_wconf 81' lang='grc' dir='ltr'>ἔξω·</span> <span class='ocrx_word' id='word_1_177' title='bbox 855 2008 891 2072; x_wconf 76' lang='grc' dir='ltr'>ὥς</span> 
     </span>
     <span class='ocr_line' id='line_1_24' title="bbox 89 2094 891 2176; baseline -0.004 -19"><span class='ocrx_word' id='word_1_178' title='bbox 89 2097 122 2157; x_wconf 85' lang='grc' dir='ltr'>δὲ</span> <span class='ocrx_word' id='word_1_179' title='bbox 147 2095 236 2157; x_wconf 79' lang='grc' dir='ltr'>ταῦτά</span> <span class='ocrx_word' id='word_1_180' title='bbox 255 2099 282 2156; x_wconf 80' lang='grc' dir='ltr'>οἱ</span> <span class='ocrx_word' id='word_1_181' title='bbox 302 2095 431 2156; x_wconf 84' lang='grc' dir='ltr'>ἐπιτελέα</span> <span class='ocrx_word' id='word_1_182' title='bbox 459 2094 576 2174; x_wconf 84' lang='grc' dir='ltr'>ἐγένετο,</span> <span class='ocrx_word' id='word_1_183' title='bbox 596 2099 753 2176; x_wconf 80' lang='grc' dir='ltr'>μαστιγοῦν</span> <span class='ocrx_word' id='word_1_184' title='bbox 773 2096 891 2166; x_wconf 84' lang='grc' dir='ltr'>ἐκέλευε,</span> 
     </span>
     <span class='ocr_line' id='line_1_25' title="bbox 90 2181 892 2264; baseline -0.002 -20"><span class='ocrx_word' id='word_1_185' title='bbox 90 2185 139 2244; x_wconf 84' lang='grc' dir='ltr'>καὶ</span> <span class='ocrx_word' id='word_1_186' title='bbox 151 2184 201 2248; x_wconf 75' lang='grc' dir='ltr'>τὰς</span> <span class='ocrx_word' id='word_1_187' title='bbox 213 2185 310 2264; x_wconf 90' lang='grc' dir='ltr'>τρίχας</span> <span class='ocrx_word' id='word_1_188' title='bbox 322 2182 495 2251; x_wconf 77' lang='grc' dir='ltr'>ἀποτίλλειν,</span> <span class='ocrx_word' id='word_1_189' title='bbox 510 2182 556 2240; x_wconf 85' lang='grc' dir='ltr'>καὶ</span> <span class='ocrx_word' id='word_1_190' title='bbox 570 2185 682 2242; x_wconf 87' lang='grc' dir='ltr'>κεντοῦν</span> <span class='ocrx_word' id='word_1_191' title='bbox 694 2206 726 2242; x_wconf 88' lang='grc' dir='ltr'>τε</span> <span class='ocrx_word' id='word_1_192' title='bbox 739 2183 785 2240; x_wconf 85' lang='grc' dir='ltr'>καὶ</span> <span class='ocrx_word' id='word_1_193' title='bbox 797 2181 892 2242; x_wconf 78' lang='grc' dir='ltr'>τᾶλλα</span> 
     </span>
     <span class='ocr_line' id='line_1_26' title="bbox 89 2269 893 2350; baseline 0 -18"><span class='ocrx_word' id='word_1_194' title='bbox 89 2272 185 2333; x_wconf 78' lang='grc' dir='ltr'>πάντα</span> <span class='ocrx_word' id='word_1_195' title='bbox 204 2272 400 2350; x_wconf 85' lang='grc' dir='ltr'>λυμαίνεσθαι·</span> <span class='ocrx_word' id='word_1_196' title='bbox 436 2269 498 2328; x_wconf 88' lang='grc' dir='ltr'>ἐπεί</span> <span class='ocrx_word' id='word_1_197' title='bbox 515 2294 547 2329; x_wconf 92' lang='grc' dir='ltr'>τε</span> <span class='ocrx_word' id='word_1_198' title='bbox 567 2269 597 2329; x_wconf 81' lang='grc' dir='ltr'>δὲ</span> <span class='ocrx_word' id='word_1_199' title='bbox 617 2270 664 2328; x_wconf 85' lang='grc' dir='ltr'>καὶ</span> <span class='ocrx_word' id='word_1_200' title='bbox 682 2274 770 2330; x_wconf 86' lang='grc' dir='ltr'>ταῦτα</span> <span class='ocrx_word' id='word_1_201' title='bbox 790 2271 893 2348; x_wconf 83' lang='grc' dir='ltr'>ἔκαμον</span> 
     </span>
     <span class='ocr_line' id='line_1_27' title="bbox 89 2356 891 2441; baseline -0.001 -21"><span class='ocrx_word' id='word_1_202' title='bbox 89 2364 240 2429; x_wconf 88' lang='grc' dir='ltr'>ποιεῦντες,</span> <span class='ocrx_word' id='word_1_203' title='bbox 263 2359 290 2439; x_wconf 81' lang='grc' dir='ltr'>(ὁ</span> <span class='ocrx_word' id='word_1_204' title='bbox 315 2359 372 2441; x_wconf 72' lang='grc' dir='ltr'>γὰρ</span> <span class='ocrx_word' id='word_1_205' title='bbox 400 2356 434 2433; x_wconf 81' lang='grc' dir='ltr'>δή</span> <span class='ocrx_word' id='word_1_206' title='bbox 458 2356 562 2434; x_wconf 81' lang='grc' dir='ltr'>νεκρδς,</span> <span class='ocrx_word' id='word_1_207' title='bbox 586 2356 636 2417; x_wconf 78' lang='grc' dir='ltr'>ἅτε</span> <span class='ocrx_word' id='word_1_208' title='bbox 657 2358 891 2438; x_wconf 85' lang='grc' dir='ltr'>τεταριχευμένος,</span> 
     </span>
     <span class='ocr_line' id='line_1_28' title="bbox 90 2445 893 2526; baseline 0 -20"><span class='ocrx_word' id='word_1_209' title='bbox 90 2447 205 2526; x_wconf 81' lang='grc' dir='ltr'>ἀντεῖχέ</span> <span class='ocrx_word' id='word_1_210' title='bbox 215 2472 247 2506; x_wconf 89' lang='grc' dir='ltr'>τε</span> <span class='ocrx_word' id='word_1_211' title='bbox 259 2446 305 2506; x_wconf 84' lang='grc' dir='ltr'>καὶ</span> <span class='ocrx_word' id='word_1_212' title='bbox 321 2446 399 2506; x_wconf 78' lang='grc' dir='ltr'>οὐδὲν</span> <span class='ocrx_word' id='word_1_213' title='bbox 415 2445 559 2524; x_wconf 86' lang='grc' dir='ltr'>διεχέετο,)</span> <span class='ocrx_word' id='word_1_214' title='bbox 572 2446 704 2506; x_wconf 83' lang='grc' dir='ltr'>ἐκέλευσέ</span> <span class='ocrx_word' id='word_1_215' title='bbox 717 2472 766 2523; x_wconf 89' lang='grc' dir='ltr'>μιν</span> <span class='ocrx_word' id='word_1_216' title='bbox 781 2445 798 2506; x_wconf 78' lang='grc' dir='ltr'>ὁ</span> <span class='ocrx_word' id='word_1_217' title='bbox 812 2453 893 2525; x_wconf 87' lang='grc' dir='ltr'>Καμ-</span> 
     </span>
     <span class='ocr_line' id='line_1_29' title="bbox 90 2531 895 2616; baseline 0.002 -23"><span class='ocrx_word' id='word_1_218' title='bbox 90 2532 187 2616; x_wconf 89' lang='grc' dir='ltr'>βύσης</span> <span class='ocrx_word' id='word_1_219' title='bbox 203 2537 384 2603; x_wconf 89' lang='grc' dir='ltr'>κατακαῦσαι,</span> <span class='ocrx_word' id='word_1_220' title='bbox 404 2531 603 2608; x_wconf 84' lang='grc' dir='ltr'>ἐντελλόμενος</span> <span class='ocrx_word' id='word_1_221' title='bbox 619 2532 669 2592; x_wconf 86' lang='grc' dir='ltr'>ούκ</span> <span class='ocrx_word' id='word_1_222' title='bbox 685 2533 761 2595; x_wconf 82' lang='grc' dir='ltr'>ὅσια·</span> <span class='ocrx_word' id='word_1_223' title='bbox 782 2535 895 2612; x_wconf 89' lang='grc' dir='ltr'>Πέρσαι</span> 
     </span>
     <span class='ocr_line' id='line_1_30' title="bbox 89 2618 893 2705; baseline 0.006 -27"><span class='ocrx_word' id='word_1_224' title='bbox 89 2619 147 2702; x_wconf 69' lang='grc' dir='ltr'>γὰρ</span> <span class='ocrx_word' id='word_1_225' title='bbox 161 2620 226 2681; x_wconf 81' lang='grc' dir='ltr'>θεὸν</span> <span class='ocrx_word' id='word_1_226' title='bbox 246 2620 390 2695; x_wconf 84' lang='grc' dir='ltr'>νομίζουσι</span> <span class='ocrx_word' id='word_1_227' title='bbox 409 2619 478 2678; x_wconf 86' lang='grc' dir='ltr'>εἶναι</span> <span class='ocrx_word' id='word_1_228' title='bbox 491 2624 557 2697; x_wconf 86' lang='grc' dir='ltr'>πῦρ·</span> <span class='ocrx_word' id='word_1_229' title='bbox 577 2618 612 2680; x_wconf 83' lang='grc' dir='ltr'>τδ</span> <span class='ocrx_word' id='word_1_230' title='bbox 633 2619 670 2680; x_wconf 81' lang='grc' dir='ltr'>ὧν</span> <span class='ocrx_word' id='word_1_231' title='bbox 683 2623 841 2683; x_wconf 86' lang='grc' dir='ltr'>κατακαίειν</span> <span class='ocrx_word' id='word_1_232' title='bbox 859 2647 893 2705; x_wconf 83' lang='grc' dir='ltr'>γε</span> 
     </span>
     <span class='ocr_line' id='line_1_31' title="bbox 90 2705 893 2786; baseline 0.001 -19"><span class='ocrx_word' id='word_1_233' title='bbox 90 2707 158 2771; x_wconf 78' lang='grc' dir='ltr'>τοῦς</span> <span class='ocrx_word' id='word_1_234' title='bbox 184 2706 296 2785; x_wconf 85' lang='grc' dir='ltr'>νεκρούς</span> <span class='ocrx_word' id='word_1_235' title='bbox 322 2706 447 2783; x_wconf 79' lang='grc' dir='ltr'>οὐδαμῶς</span> <span class='ocrx_word' id='word_1_236' title='bbox 467 2712 497 2767; x_wconf 87' lang='grc' dir='ltr'>ἐν</span> <span class='ocrx_word' id='word_1_237' title='bbox 520 2706 598 2786; x_wconf 75' lang='grc' dir='ltr'>νόμῳ</span> <span class='ocrx_word' id='word_1_238' title='bbox 624 2705 796 2786; x_wconf 86' lang='grc' dir='ltr'>ούδετέροισί</span> <span class='ocrx_word' id='word_1_239' title='bbox 821 2714 893 2769; x_wconf 90' lang='grc' dir='ltr'>ἐστι·</span> 
     </span>
     <span class='ocr_line' id='line_1_32' title="bbox 91 2793 894 2873; baseline 0.004 -20"><span class='ocrx_word' id='word_1_240' title='bbox 91 2795 228 2873; x_wconf 81' lang='grc' dir='ltr'>Πέρσησι</span> <span class='ocrx_word' id='word_1_241' title='bbox 239 2795 300 2871; x_wconf 82' lang='grc' dir='ltr'>μὲν,</span> <span class='ocrx_word' id='word_1_242' title='bbox 314 2793 347 2852; x_wconf 89' lang='grc' dir='ltr'>δι’</span> <span class='ocrx_word' id='word_1_243' title='bbox 368 2793 436 2872; x_wconf 83' lang='grc' dir='ltr'>ὅπερ</span> <span class='ocrx_word' id='word_1_244' title='bbox 455 2795 568 2872; x_wconf 81' lang='grc' dir='ltr'>εἴρηται,</span> <span class='ocrx_word' id='word_1_245' title='bbox 584 2794 637 2872; x_wconf 74' lang='grc' dir='ltr'>θεῷ</span> <span class='ocrx_word' id='word_1_246' title='bbox 656 2794 688 2854; x_wconf 88' lang='grc' dir='ltr'>ού</span> <span class='ocrx_word' id='word_1_247' title='bbox 706 2795 812 2856; x_wconf 84' lang='grc' dir='ltr'>δίκαιον</span> <span class='ocrx_word' id='word_1_248' title='bbox 825 2795 894 2856; x_wconf 83' lang='grc' dir='ltr'>εἶναι</span> 
     </span>
     <span class='ocr_line' id='line_1_33' title="bbox 89 2881 894 2962; baseline 0.002 -22"><span class='ocrx_word' id='word_1_249' title='bbox 89 2881 224 2961; x_wconf 82' lang='grc' dir='ltr'>λέγοντες</span> <span class='ocrx_word' id='word_1_250' title='bbox 245 2882 337 2957; x_wconf 89' lang='grc' dir='ltr'>νέμειν</span> <span class='ocrx_word' id='word_1_251' title='bbox 356 2881 453 2958; x_wconf 79' lang='grc' dir='ltr'>νεκρόν</span> <span class='ocrx_word' id='word_1_252' title='bbox 473 2881 630 2958; x_wconf 76' lang='grc' dir='ltr'>ἀνθρώπου·</span> <span class='ocrx_word' id='word_1_253' title='bbox 664 2882 844 2962; x_wconf 77' lang='grc' dir='ltr'>Αἰγυπτίοισι</span> <span class='ocrx_word' id='word_1_254' title='bbox 863 2883 894 2942; x_wconf 81' lang='grc' dir='ltr'>δὲ</span> 
     </span>
     <span class='ocr_line' id='line_1_34' title="bbox 90 2967 894 3047; baseline 0.001 -19"><span class='ocrx_word' id='word_1_255' title='bbox 90 2969 256 3046; x_wconf 83' lang='grc' dir='ltr'>νενόμισται</span> <span class='ocrx_word' id='word_1_256' title='bbox 269 2971 326 3045; x_wconf 87' lang='grc' dir='ltr'>πῦρ</span> <span class='ocrx_word' id='word_1_257' title='bbox 339 2969 435 3046; x_wconf 90' lang='grc' dir='ltr'>θηρίον</span> <span class='ocrx_word' id='word_1_258' title='bbox 448 2967 517 3028; x_wconf 82' lang='grc' dir='ltr'>εἶναι</span> <span class='ocrx_word' id='word_1_259' title='bbox 530 2969 665 3047; x_wconf 80' lang='grc' dir='ltr'>ἔμψυχον,</span> <span class='ocrx_word' id='word_1_260' title='bbox 679 2968 771 3029; x_wconf 78' lang='grc' dir='ltr'>πάντα</span> <span class='ocrx_word' id='word_1_261' title='bbox 783 2969 813 3027; x_wconf 76' lang='grc' dir='ltr'>δὲ</span> <span class='ocrx_word' id='word_1_262' title='bbox 826 2968 894 3029; x_wconf 81' lang='grc' dir='ltr'>αύτδ</span> 
     </span>
     <span class='ocr_line' id='line_1_35' title="bbox 90 3052 895 3132; baseline 0 -18"><span class='ocrx_word' id='word_1_263' title='bbox 90 3056 251 3117; x_wconf 90' lang='grc' dir='ltr'>κατεσθίειν</span> <span class='ocrx_word' id='word_1_264' title='bbox 269 3055 306 3115; x_wconf 87' lang='grc' dir='ltr'>τιί</span> <span class='ocrx_word' id='word_1_265' title='bbox 325 3079 378 3131; x_wconf 90' lang='grc' dir='ltr'>περ</span> <span class='ocrx_word' id='word_1_266' title='bbox 399 3052 432 3113; x_wconf 81' lang='grc' dir='ltr'>ἂν</span> <span class='ocrx_word' id='word_1_267' title='bbox 455 3053 535 3132; x_wconf 80' lang='grc' dir='ltr'>λα’βη</span> <span class='ocrx_word' id='word_1_268' title='bbox 555 3055 685 3130; x_wconf 80' lang='grc' dir='ltr'>πλησθὲν</span> <span class='ocrx_word' id='word_1_269' title='bbox 705 3053 735 3112; x_wconf 82' lang='grc' dir='ltr'>δὲ</span> <span class='ocrx_word' id='word_1_270' title='bbox 755 3053 823 3114; x_wconf 83' lang='grc' dir='ltr'>αύτδ</span> <span class='ocrx_word' id='word_1_271' title='bbox 843 3057 895 3132; x_wconf 78' lang='grc' dir='ltr'>τῆς</span> 
     </span>
     <span class='ocr_line' id='line_1_36' title="bbox 89 3139 896 3220; baseline -0.001 -18"><span class='ocrx_word' id='word_1_272' title='bbox 89 3143 185 3220; x_wconf 82' lang='grc' dir='ltr'>βορῆς</span> <span class='ocrx_word' id='word_1_273' title='bbox 214 3141 455 3216; x_wconf 83' lang='grc' dir='ltr'>συναποθνήσκειν</span> <span class='ocrx_word' id='word_1_274' title='bbox 483 3145 522 3217; x_wconf 78' lang='grc' dir='ltr'>τῷ</span> <span class='ocrx_word' id='word_1_275' title='bbox 553 3141 768 3220; x_wconf 80' lang='grc' dir='ltr'>κατεσθιομένῳ·</span> <span class='ocrx_word' id='word_1_276' title='bbox 808 3139 896 3202; x_wconf 89' lang='grc' dir='ltr'>ούκων</span> 
     </span>
     <span class='ocr_line' id='line_1_37' title="bbox 90 3225 895 3306; baseline -0.002 -16"><span class='ocrx_word' id='word_1_277' title='bbox 90 3228 219 3306; x_wconf 86' lang='grc' dir='ltr'>θηρίοισι</span> <span class='ocrx_word' id='word_1_278' title='bbox 231 3226 317 3306; x_wconf 80' lang='grc' dir='ltr'>νόμος</span> <span class='ocrx_word' id='word_1_279' title='bbox 330 3225 456 3302; x_wconf 78' lang='grc' dir='ltr'>ούδομιδς</span> <span class='ocrx_word' id='word_1_280' title='bbox 474 3227 532 3300; x_wconf 89' lang='grc' dir='ltr'>σφί</span> <span class='ocrx_word' id='word_1_281' title='bbox 546 3231 608 3284; x_wconf 88' lang='grc' dir='ltr'>ἐστι</span> <span class='ocrx_word' id='word_1_282' title='bbox 624 3227 674 3287; x_wconf 79' lang='grc' dir='ltr'>τὸν</span> <span class='ocrx_word' id='word_1_283' title='bbox 690 3227 769 3288; x_wconf 89' lang='grc' dir='ltr'>νέκυν</span> <span class='ocrx_word' id='word_1_284' title='bbox 781 3226 895 3288; x_wconf 85' lang='grc' dir='ltr'>διδόναι·</span> 
     </span>
    </p>
   </div>
   <div class='ocr_carea' id='block_1_4' title="bbox 0 0 1083 3500">
    <p class='ocr_par' dir='ltr' id='par_1_4' title="bbox 0 0 1083 3500">
     <span class='ocr_line' id='line_1_38' title="bbox 0 0 1083 3500; baseline 0 0"><span class='ocrx_word' id='word_1_285' title='bbox 0 0 1083 3500; x_wconf 95' lang='lat' dir='ltr'> </span> 
     </span>
    </p>
   </div>
   <div class='ocr_carea' id='block_1_5' title="bbox 989 3333 1061 3428">
    <p class='ocr_par' dir='ltr' id='par_1_5' title="bbox 989 3333 1061 3428">
     <span class='ocr_line' id='line_1_39' title="bbox 989 3333 1061 3428; baseline 0 0"><span class='ocrx_word' id='word_1_286' title='bbox 989 3338 1039 3384; x_wconf 67' lang='lat'><strong><em>¹</em></strong></span> <span class='ocrx_word' id='word_1_287' title='bbox 1058 3333 1061 3428; x_wconf 67' lang='grc' dir='ltr'>λ</span> 
     </span>
    </p>
   </div>
  </div>
 </body>
</html>
