2150 3500
75 116 193 181 40-43]
412 118 546 167 οιικιι.
832 120 878 167 221

72 224 109 257 τε
127 198 169 276 μή
189 198 313 269 ἐναλλὰξ
329 197 383 274 ἤδη
403 198 436 259 τό
458 198 514 258 α’πό
535 199 635 259 τούτου
653 202 683 259 αἶ
699 197 821 278 αἷτυχίαι
837 224 882 259 τοι

71 290 157 345 ταῖσι
170 285 290 347 πάθαισι
303 287 510 362 προσπίπτωσι,
525 286 620 367 τρόπῳ
638 290 678 366 τῷ
691 288 722 357 ἔξ
739 290 803 363 ἐμεῦ
815 285 882 346 ὕπο-

73 371 192 453 κειμένῳ
211 373 302 432 άκέο.”
343 378 437 434 Ταῦτα
456 374 652 452 ἐπιλεξάμενος
665 374 681 434 ό
695 373 926 451 Πολυκράτης41

73 463 125 521 καὶ
139 462 191 541 νόῳ
205 460 304 537 λοβόν
320 460 355 525 ὥς
372 465 399 522 οἱ
417 460 447 521 εὖ
465 462 611 522 ὑπετίθετο
625 460 759 538 Ἀμασις,
774 461 880 537 ἐδίζητο

74 550 121 609 ἐπ’
146 546 166 627 ᾧ
187 539 372 626 άνμάλιστα
393 550 446 627 την
467 548 561 629 ψυχὴν
581 548 702 626 α’σηθείη
715 548 882 627 ἀπολομένῳ

72 641 134 698 τῶν
160 639 317 715 κειμηλίων·
346 638 489 716 διζήβένος
513 637 535 697 δ’
560 637 670 715 εὕρισκε
696 636 770 698 τάδε·
796 636 831 714 ἦν
854 641 882 696 οἶ
926 714 929 719 ¹

73 726 203 807 σφρηγὶς
212 727 264 803 τήν
275 726 375 803 ἐφόρεε
384 726 555 805 χρυσόδετος
564 724 730 807 σμαράγδου
739 728 791 802 μὲν
798 725 880 784 λίθου

74 818 174 873 ἐοῦσα·
194 816 274 895 ἔργον
288 815 318 873 δὲ
330 813 365 890 ἢν
378 813 522 891 Θεοδώρου
532 816 583 872 τοῦ
593 814 752 888 Τηλεκλέος
762 813 879 889 Σαμίου·

74 902 138 960 ἐπεὶ
152 900 189 961 ὧν
202 901 304 979 ταύτην
320 904 347 961 οἱ
366 899 457 961 ἐδόκεε
477 901 659 976 άποβαλέειν,
675 900 765 959 ἐποίεε
777 900 879 959 τοιάδε·

73 987 293 1065 πεντηκόντερον
314 987 468 1064 πληρώσας
488 988 595 1065 ἀνδρῶν
616 988 706 1065 ἐσέβη
733 992 761 1050 ε’ς
784 986 879 1063 αὐτήν·

72 1074 148 1152 μετά
162 1076 199 1145 δὲ,
210 1075 360 1156 ἀναγαγεῖν
374 1078 483 1135 ε’κέλευε
498 1080 524 1137 ἔς
536 1073 570 1134 τό
583 1076 718 1155 πέλαγος·
735 1074 770 1137 οἷς
783 1074 813 1133 δὲ
823 1074 880 1135 οἷπδ

73 1163 230 1239 τῆς-νήσου
245 1162 308 1226 έκάς
326 1164 443 1244 ἐγένετο,
457 1162 654 1239 περιελόμενος
669 1157 722 1237 τήν
735 1163 881 1243 σφρηγῖδα

74 1250 187 1311 πάντων
197 1250 393 1328 όρεόντωντῶν
400 1249 555 1326 συμπλόων
565 1251 656 1327 ῥίπτει
666 1254 693 1312 ἐς
702 1248 735 1308 τό
745 1249 879 1329 πέλαγος·

74 1342 160 1397 τοῦτο
175 1339 204 1397 δὲ
217 1337 338 1415 ποιήσας
351 1338 482 1407 α’πέπλεε,
494 1337 661 1413 ἀπικόμενος
674 1336 705 1395 δὲ
718 1341 745 1399 ές
757 1336 792 1396 τά
806 1337 880 1395 οἰκία

75 1430 215 1505 συμφορῇ
238 1431 350 1505 ἐχρῆτο.
391 1426 512 1505 Πέμπτη
533 1425 563 1483 δὲ
583 1422 601 1501 ἢ
623 1425 687 1502 ἕκτη
711 1423 801 1501 ἡμέρη
821 1422 926 1484 άπό42

74 1513 181 1574 τούτων
193 1515 258 1574 τάδε
272 1518 298 1573 οἱ
312 1513 456 1589 συνήνεικε
467 1514 612 1593 γενέσθαι·
632 1511 702 1589 άνῆρ
718 1511 813 1575 όλιεδς
828 1515 879 1573 λα-

75 1602 140 1677 βών
153 1604 234 1682 ἰχθῦν
243 1604 332 1683 μέγαν
341 1627 372 1661 τε
383 1602 429 1659 καὶ
444 1600 539 1671 καλόν,
550 1599 631 1677 ἠξίου
643 1626 692 1678 μιν
702 1598 882 1676 Πολυκράτεϊ

76 1691 166 1768 δῶρον
179 1690 302 1767 δοθῆναι·
324 1689 417 1768 φέρων
430 1688 463 1767 δή
478 1688 523 1750 ἐπὶ
536 1688 587 1753 τάς
605 1688 689 1766 θύρας
701 1687 881 1767 Πολυκράτεϊ

76 1780 134 1854 ἔφη
145 1780 250 1839 ἐθέλειν
260 1781 352 1839 ἐλθεῖν
364 1784 391 1842 ἐς
404 1778 478 1857 ὄψιν·
495 1778 676 1858 χωρήσαντος
686 1777 717 1836 δέ
729 1780 756 1836 οἶ
767 1776 878 1851 τούτου,

76 1867 158 1945 ἔλεγε
171 1863 262 1928 διδοδς
275 1865 325 1925 τόν
340 1867 429 1944 ἰχθῦν·
447 1875 465 1901 “
474 1865 495 1924 ὦ
505 1867 639 1942 βασιλεῦ,
650 1864 704 1946 ε’γολ
717 1863 797 1924 τόνδε
808 1863 880 1925 ἔλεόν

77 1951 129 2034 οὐκ
142 1953 290 2012 ἐδικαίωσα
304 1953 400 2029 φέρειν
414 1957 441 2015 ἐς
455 1952 568 2034 ἀγορὴν,
585 1954 683 2028 καίπερ
698 1979 733 2033 γε
746 1953 798 2012 ε’ὠν
811 1951 879 2012 άπο·

75 2042 268 2120 χειροβίωτος·
295 2039 373 2100 άλλά
384 2067 434 2118 μοι
448 2040 538 2100 ἐδόκεε
552 2044 602 2099 σεῦ
616 2065 647 2099 τε
662 2040 730 2098 εἶναι
743 2039 820 2108 ἄξιος
834 2040 879 2098 καὶ

76 2133 129 2204 τῆς
145 2133 200 2204 σῆς
218 2127 316 2208 ἀρχῆς·
344 2129 393 2188 σοὶ
415 2127 449 2204 δή
466 2153 514 2205 μιν
535 2128 628 2203 φέρων
650 2126 771 2203 δίδωμι.”
813 2125 829 2186 ὁ
849 2127 879 2185 δὲ

77 2216 176 2292 ἡσθεὶς
189 2220 266 2276 τοῖσι
279 2214 359 2277 ἔπεσι
377 2215 525 2293 ἀμείβεται
543 2214 648 2274 τοῖσδε·
670 2224 688 2249 “
699 2213 786 2290 κάρτα
801 2239 833 2272 τε
850 2212 880 2272 εὖ

78 2305 214 2380 ἐποίησας
236 2304 281 2362 καὶ
301 2305 382 2383 χάρις
403 2303 503 2378 διπλέη
524 2305 579 2361 τῶν
599 2328 631 2362 τε
652 2300 745 2381 λόγων
762 2300 808 2359 καὶ
826 2304 880 2360 τοῦ

78 2391 176 2469 δώρου·
204 2393 252 2451 καί
271 2419 306 2452 σε
326 2392 372 2450 ε’πὶ
393 2393 504 2452 δεῖπνον
528 2389 690 2466 καλέομεν.”
730 2387 747 2448 ό
769 2390 822 2466 μὲν
845 2388 880 2465 δὴ

78 2479 174 2542 άλιειλς
185 2481 260 2561 μέγα
276 2478 438 2556 ποιεόμενος
455 2483 543 2538 ταῦτα
560 2476 604 2553 ἧῖε
622 2483 650 2541 ἐς
667 2477 703 2538 τοὶ
724 2477 807 2537 οἰκία·
830 2477 881 2538 τόν

78 2568 109 2626 δὲ
124 2570 206 2647 ἰχθῦν
222 2567 371 2645 τάμνοντες
390 2570 417 2627 οἱ
434 2566 599 2644 θεράποντες
617 2567 779 2644 εὑρίσκουσι
796 2571 825 2627 ἐν
843 2571 880 2644 τῇ

78 2655 157 2731 νηδύϊ
174 2654 258 2714 αὐτοῦ
276 2659 410 2715 ἐνεοῦσαν
430 2654 483 2730 την
505 2655 703 2733 Πολυκράτεος
724 2653 879 2735 σφρηγῖδα·

78 2744 115 2807 οἷς
134 2745 164 2802 δὲ
180 2743 252 2803 εἶδόν
267 2769 298 2803 τε
315 2743 361 2801 καὶ
378 2743 484 2819 ἔλαβον
498 2742 630 2822 τάχιστα,
646 2744 747 2819 ἔφερον
764 2767 878 2820 κεχαρη

78 2831 159 2894 κότες
186 2831 261 2908 παρά
284 2830 333 2890 τόν
357 2830 550 2908 Πολυκράτεα,
579 2829 698 2892 διδόντες
721 2829 752 2887 δέ
777 2832 804 2888 οἶ
830 2828 881 2903 τὴν

78 2919 226 3000 σφρηγῖδα
248 2919 345 2998 ἔλεγον
369 2917 436 2997 ὅτεῳ
459 2916 554 2997 τράπῳ
581 2916 687 2993 εὖρέθη·
719 2915 768 2975 τόν
792 2915 821 2973 δὲ
845 2915 881 2978 οἷς

78 3009 187 3084 ε’σῆλθε
208 3008 282 3067 θεῖον
303 3006 372 3066 εἶναι
391 3005 424 3065 τό
445 3009 571 3086 πρῆγμα,
592 3003 695 3084 γράφει
713 3008 739 3064 ἔς
760 3002 882 3077 βιβλίον

77 3095 171 3156 πάντα
183 3093 220 3155 τά
231 3093 391 3170 ποιήσαντά
403 3119 451 3170 μιν
461 3093 507 3153 οἶα
521 3089 760 3165 καταλελαβήκεε,
770 3087 881 3167 γράψας

77 3184 118 3253 δὲ,
133 3188 160 3245 ἒς
174 3182 316 3262 Αἴγυπτον
327 3183 450 3257 ἐπέθηκε.
493 3177 709 3253 Ἐπιλεξάμενος
722 3175 752 3233 δὲ
765 3173 880 3250 όἈμα-
890 3176 929 3234 43

78 3298 127 3334 σις
136 3269 169 3330 τό
177 3270 299 3345 βιβλίον
306 3268 339 3329 τδ
353 3267 429 3343 παρὰ
441 3271 492 3327 τοῦ
500 3263 697 3342 Πολυκράτεος
710 3261 785 3337 ἧκον,
797 3262 882 3338 ἔμαθε
