2150 3500
118 104 261 171 ιιι-ιιι]
283 94 287 101 “
454 106 588 158 emm.
869 114 917 163 τοι

117 185 218 245 κεσθαι
240 186 305 261 ἐφη.
347 186 539 263 ἐντειλάμενος
558 187 590 247 δὲ
610 185 658 247 καὶ
678 187 769 268 τούτῳ
790 192 881 249 ταῦτα
901 190 919 250 ό

115 274 236 347 Δαρεῖος
248 270 422 333 ἀποστέλλει
435 272 534 337 αὐτοῦς
548 274 595 334 ἐπὶ
608 274 769 336 θάλασσαν.

158 352 343 429 Καταβάντες
356 352 386 412 δὲ
400 351 479 413 οὗτοι
492 358 519 417 ἐς
532 356 662 431 Φοινίκην
676 358 722 415 καὶ
730 357 859 433 Φοινίκης
871 359 964 421 ές136

115 438 224 503 Σιδῶνα
237 440 330 510 πόλιν,
345 439 444 500 αὐτίκα
461 442 513 516 μέν
525 441 654 519 τριήρεας
672 442 722 502 δύο
741 443 917 521 ἐπλήρωσαν,
935 482 942 488 ·

113 525 174 604 ἅμα
189 527 220 588 δὲ
239 526 344 606 αὐτῇσι
361 528 408 586 καὶ
423 528 531 608 γαυλάν
542 530 632 609 μέγαν
645 531 782 590 παντοίων
795 530 917 611 ἀγαθῶν.

112 615 373 691 παρεσκευασμένοι
393 615 423 674 δὲ
441 614 534 676 πάντα
551 617 652 677 ἔπλεον
665 622 692 680 ἐς
709 616 762 693 τήν
779 617 915 678 Ἑλλάδα·
978 665 981 669 -

112 704 319 781 προσίσχοντες
338 702 376 771 δὲ,
392 702 477 777 αὐτῆς
494 703 530 763 τοὶ
546 704 770 781 παραθαλάσσία
783 707 913 782 ἐθηεῦντο

112 788 160 848 καὶ
175 788 383 871 ἀπεγράφοντο·
405 794 432 853 ἐς
446 788 463 849 ὃ
475 789 511 849 τά
523 791 622 851 πολλά
639 791 724 868 αὐτῆς
737 793 783 852 καὶ
796 793 913 870 οὔνομα-

111 876 238 937 στότατα
258 877 427 954 θεησάμενοι
447 876 581 938 ἀπίκοντο
600 882 652 954 τῆς
671 877 793 955 Ἰταλίης
811 885 839 944 ἐς
858 881 912 940 Τό-

109 988 208 1039 ραντα.
242 966 361 1025 ἐνθαῦτα
382 966 412 1024 δὲ
434 970 464 1024 ἐκ
485 965 629 1043 ῥηστώνης
649 969 701 1042 τῆς
724 967 912 1044 Δημοκήδεος,

110 1050 344 1129 Ἀριστοφιλίδης
363 1057 419 1114 τῶν
437 1054 613 1131 Ταραντίνων
632 1052 648 1114 ἀ
669 1054 809 1131 βασιλεῦς
829 1060 913 1117 τοῦτο

109 1141 163 1215 μέν
175 1140 211 1200 ταὶ
224 1139 349 1219 πηδάλια
361 1142 506 1218 παρέλυσε
518 1144 575 1202 τῶν
588 1141 735 1218 Μηδικέων
747 1147 822 1213 νεῶν,
830 1147 913 1203 τοῦτο

109 1226 141 1285 δέ
159 1226 260 1292 αὐτοῦς
275 1227 339 1291 τούς
355 1230 471 1304 Πέρσας
487 1229 550 1305 ἔρξε
568 1228 604 1292 ἀς
620 1228 814 1293 κατασκόπους
826 1229 909 1306 δῆθεν

108 1312 214 1379 ἐόντας·
236 1313 300 1394 ένῷ
318 1316 347 1375 δὲ
364 1313 441 1376 οὗτοι
456 1320 545 1376 ταῦτα
561 1316 726 1394 ἐπασχον,ἀ
744 1318 912 1394 Δημοκήδης

108 1406 138 1465 ἐς
149 1402 201 1478 τήν
215 1402 351 1481 Κρότωνα
364 1404 531 1465 ἀπικνέεται·
546 1403 701 1485 ἀπιγμένου
710 1404 740 1463 δὲ
748 1403 802 1480 ήδη
811 1403 911 1465 τούτου

107 1494 136 1553 ἐς
148 1490 201 1565 τήν
214 1494 323 1561 ἑαυτοῦ,
337 1490 353 1551 ἀ
366 1490 599 1567 Ἀριστοφιλιδης
612 1493 697 1550 ἔλυσε
708 1491 773 1555 τούς
786 1492 909 1569 Πέρσας,

106 1577 155 1637 καὶ
167 1577 203 1638 τά
216 1580 365 1656 παρέλαβε
376 1583 432 1639 τῶν
441 1583 508 1659 νεῶν
515 1578 640 1638 ἀπέδωκέ
652 1586 718 1655 σφι.
747 1579 889 1643 Πλέοντες
899 1582 955 1641 137

106 1664 138 1725 δὲ
151 1666 275 1726 ἐνθεῦτεν
288 1670 315 1727 οί
328 1668 440 1745 Πέρσαι
454 1668 499 1726 καὶ
512 1665 656 1730 διάκοντες
666 1667 833 1743 Δημοκήδεα
846 1666 907 1727 ἀπι-

106 1755 233 1815 κνέονται
255 1760 283 1819 ἐς
304 1756 357 1831 τήν
378 1755 521 1833 Κρότωνα,
544 1754 669 1833 ειίρόντες
688 1757 720 1815 δέ
738 1782 788 1832 μιν
808 1755 908 1838 ἀγορά-

105 1841 198 1913 ζοντα,
216 1841 339 1904 ἅπτοντο
355 1843 451 1904 αάτοῦ·
472 1847 527 1904 τῶν
544 1844 574 1903 δὲ
590 1845 803 1921 Κροτωνιητέων
817 1847 844 1904 οἳ
856 1847 908 1920 μὲν

60 1963 63 1968 ·
105 1931 340 2008 καταρρωδέοντες
351 1931 387 1992 τά
401 1932 531 2010 Περσικά
543 1931 697 2012 πρήγματα
704 1932 829 2009 προϊέναι
839 1935 907 1992 ἐτοῖ-

103 2043 156 2094 μοι
168 2018 251 2094 ἦσαν,
266 2023 294 2079 οἱ
311 2019 341 2078 δὲ
358 2019 532 2080 ἀντάπτοντό
545 2045 577 2079 τε
590 2019 637 2078 καὶ
648 2022 726 2078 τοῖσι
739 2019 908 2079 σκυτάλοισι

104 2106 203 2166 ἔπαιον
214 2106 279 2170 τούς
292 2108 416 2185 Πέρσας,
429 2106 653 2184 προϊσχομένους
666 2107 734 2165 έπεα
745 2105 820 2166 τάδε·
835 2115 853 2140 “
861 2105 906 2164 άν-

104 2193 167 2270 δρες
181 2199 380 2271 Κροτωνιῆται,
393 2194 477 2272 ὁρᾶτε
490 2193 525 2254 ταὶ
538 2193 656 2254 ποιέετε·
672 2192 759 2271 ἄνδρα
767 2193 907 2268 βασιλέος

104 2281 243 2358 δρηπέτην
255 2282 404 2363 γενόμενον
418 2282 586 2360 ἐξαιρέεσθε·
600 2281 647 2341 καὶ
660 2285 714 2345 κῶς
725 2283 812 2341 ταῦτα
819 2281 905 2356 βασι-

103 2370 152 2429 λέϊ
169 2371 278 2450 Δαρείῳ
293 2370 426 2450 ἐκχρήσει
445 2369 663 2448 περιϋβρίσθαι;
685 2373 738 2432 κῶς
751 2369 781 2428 δὲ
793 2367 858 2444 ύμῖν
870 2368 907 2429 τά

103 2457 255 2533 ποιεύμενα
268 2458 323 2528 ἔξει
336 2462 436 2530 καλῶς,
450 2456 485 2534 ἢν
497 2456 645 2533 ἀπέλησθε
658 2456 762 2534 ήμέας;
784 2457 829 2516 ἐπὶ
842 2455 904 2517 τίνα

103 2545 134 2605 δὲ
153 2546 243 2620 τῆσδε
261 2546 400 2623 προτέρην
420 2544 652 2622 στρατευσόμεθα
671 2545 774 2615 τόλιν;
794 2544 857 2606 τίνα
874 2544 905 2604 δὲ

102 2633 242 2709 προτέρην
254 2631 506 2710 ἀνδραποδίζεσθαι
518 2631 712 2710 πειρησόμεθα
721 2631 745 2702 ;”
760 2635 848 2692 ταῦτα
857 2632 903 2690 λέ-

102 2745 200 2801 γοντες
212 2721 276 2784 τούς
290 2720 485 2798 Κροτωνιήτας
499 2720 549 2780 οὐκ
563 2718 732 2781 ἀνέπειθον·
752 2718 818 2779 ἀλλ’
833 2719 902 2788 ἐξαι-

101 2808 228 2885 ρεθέντες
247 2835 279 2868 τε
295 2809 345 2869 τόν
359 2808 527 2886 Δημοκήδεα
542 2808 588 2866 καὶ
600 2807 650 2867 τάν
660 2807 768 2888 γαυλὸν
781 2805 830 2866 τόν
843 2804 902 2882 ἅμα

48 2957 51 2966 ,
102 2894 207 2976 ἤγοντο
225 2894 417 2972 ἀπαιρεθέντες
431 2894 574 2964 ἀπέπλεον
586 2893 677 2954 ὀπίσω
691 2899 718 2956 ἐς
730 2893 782 2968 τήν
793 2892 902 2968 Ἀσίην,

102 2982 160 3042 οὐδ’
180 2983 220 3043 έτι
241 2983 378 3059 ἐζήτησαν
395 2981 429 3042 τό
447 2982 614 3060 προσωτέρω
626 2985 677 3057 τῆς
688 2980 828 3042 Ἑλλάδος
841 2978 904 3038 ἀπι-

103 3069 216 3147 κόμενοι
235 3071 374 3148 ἐκμαθεῖν,
389 3070 568 3147 ἐστερημένοι
583 3072 634 3128 τοῦ
650 3067 796 3149 ήγεμόνος.
836 3090 903 3125 τοσ-

102 3157 166 3219 άνδε
191 3159 287 3235 μέντοι
314 3156 470 3218 ἐνετείλατό
492 3163 548 3232 σφι
572 3155 739 3233 Δημοκήδης
765 3152 900 3234 ἀναγομέ-

101 3270 186 3316 νοισι,
208 3244 327 3304 κελεύων
347 3247 433 3304 εἰπεῖν
452 3242 546 3320 σφέας
565 3243 673 3322 Δαρείῳ
696 3241 740 3301 ὅτι
762 3240 905 3319 ἅρμοσται
