2150 3500
141 121 173 166 ω
448 117 631 168 Ἥνοιοτον
907 117 947 182 [1.

140 197 331 280 Ἀγβατάνων,
358 200 404 260 καὶ
426 198 498 275 πρὸς
523 203 575 258 τοῦ
596 196 701 259 πόντου
722 201 774 259 τοῦ
799 197 949 268 Εὐξείνου.

139 287 226 366 ταύτῃ
249 289 301 364 μὲν
323 287 379 369 γὰρ
401 286 421 363 ἠ
444 286 558 362 Μηδικν)
581 284 660 365 χιόρη
680 285 752 364 πράς
778 286 951 362 Σασπείρων

140 373 233 451 ὀρεινή
253 380 315 435 ἐστι
332 374 429 452 κάρτα·
452 372 511 456 [καὶ
527 373 625 452 ὑψηλή
644 400 676 433 τε
695 375 742 433 καὶ
761 373 840 450 ἴδῃσι
858 398 949 449 συνη-

139 461 236 538 ρεφής·
257 462 320 538 ἦδέ
332 461 409 538 ἀλλη
423 461 536 539 Μηδικὴ
552 459 630 539 χιόρη
645 463 706 522 ἐστὶ
721 465 803 520 πᾶσα
818 458 949 542 ἄπεδος]

141 551 201 608 ἐπεὶ
218 549 255 610 ὦν
272 549 441 626 ὁβουκόλος
456 550 568 628 σπουδῇ
584 553 681 627 πολλῇ
694 548 863 626 καλεόμενος
880 547 948 608 ἀπί-

140 663 212 708 κετο,
228 640 307 720 ἔλεγε
319 637 336 698 ὁ
347 636 493 719 Ἅρπαγος
505 637 581 696 τάδε·
595 636 725 697 ((κελεάει
737 663 773 696 σε
783 634 949 716 Ἀστυάγης

139 725 172 786 τὰ
190 726 300 786 παιδίον
316 729 399 786 τοῦτο
418 723 549 802 λαβόντα
567 726 655 785 θεῖναι
674 730 702 788 ἐς
719 723 751 784 τό
762 722 948 802 -ἐρημότατον

139 818 195 874 τῶν
208 812 317 888 οὐρέων,
331 812 401 875 ὅκως
417 811 452 872 ἀν
464 812 588 891 τάχιστα
600 811 776 890 διαφθαρείη.
817 813 864 870 καὶ
875 811 947 872 τάδε

139 928 184 962 τοι
197 902 326 962 ἐκέλευσε
340 903 433 971 εἰπεῖν,
447 898 483 975 ἢν
492 899 532 976 μη
544 900 706 979 ἀποκτείνῃς
717 899 787 960 αάτδ
799 897 878 959 ἀλλά
889 925 946 978 τεῳ

139 988 233 1068 τρόπῳ
252 986 554 1067 περιποιήσημόλέθρῳ
572 993 611 1066 τῷ
630 989 753 1067 κακίστῳ
773 1014 809 1048 σε
827 987 946 1065 διαχρή·

139 1078 253 1138 σεσθαι·
283 1080 386 1153 ἐπορᾶν
412 1077 442 1136 δὲ
469 1077 625 1152 ἐκκείμενον
650 1076 833 1157 διατέταγμαι
857 1073 944 1156 ἐγιό.”

75 1237 78 1242 ¹
94 1167 148 1225 111
160 1168 255 1224 Ταῦτα
270 1163 393 1227 ἀκούσας
408 1164 424 1224 ὁ
440 1163 582 1240 βουκόλος
597 1165 644 1224 καὶ
662 1163 814 1240 ἀναλαβάν
828 1162 862 1223 τό
878 1189 944 1224 παι·

140 1253 199 1314 δίον
211 1251 255 1329 ἤϊε
266 1251 319 1329 τὴν
332 1251 418 1328 αὐτὴν
431 1252 522 1312 ὀπίσω
535 1251 609 1322 ὁδόν,
620 1252 667 1312 καὶ
680 1251 837 1312 ἀπικνέεται
849 1255 878 1315 ἐς
888 1251 944 1328 τὴν

132 1342 265 1417 Ιἐπαυλιν.
305 1343 344 1420 τῷ
361 1339 384 1400 δ’
398 1339 453 1418 ἀρα
469 1341 515 1400 καὶ
531 1339 606 1418 αὐτῷ
621 1338 640 1415 ἦ
655 1339 734 1420 γυνη,
748 1339 843 1409 ἐπίτεξ
854 1343 943 1400 ἐοῦσα

139 1433 236 1490 πᾶσαν
254 1428 369 1506 ἡμέρην,
382 1428 447 1489 τότε
467 1453 520 1491 κως
540 1427 612 1488 κατά
629 1428 748 1505 δαίμονα
763 1425 850 1488 τίκτει
866 1431 941 1506 οῑχα

138 1517 223 1594 μένου
237 1521 287 1576 τοῦ
305 1515 449 1592 βουκόλου
468 1520 496 1578 ἐς
513 1515 607 1576 πόλιν·
627 1514 703 1591 ἦσαν
720 1515 751 1576 δέ
768 1520 798 1575 ἐν
814 1516 943 1592 φροντιδι

139 1603 296 1681 ἀμφότεροι
308 1602 442 1679 ἀλλήλων
454 1603 527 1680 πέρι,
538 1601 555 1662 ὁ
567 1604 619 1680 μὲν
627 1608 678 1663 τοῦ
690 1602 774 1664 τόκου
784 1608 836 1678 τῆς
846 1629 943 1684 γυναιε

139 1692 186 1755 κάς
202 1690 351 1770 ἀρρωδέων,
365 1690 384 1767 ἦ
401 1691 430 1751 δέ
447 1689 517 1773 γυνη
536 1689 580 1751 ὅτι
595 1689 645 1751 οὐκ
660 1690 750 1755 ἐωθάς
765 1689 942 1774 ἀἈρπαγος

139 1782 351 1859 μεταπέμψαιτο
372 1778 458 1855 αὐτῆς
472 1779 521 1841 τόν
538 1777 635 1856 ἀνδρα.
669 1781 731 1839 ἐπεί
743 1806 775 1844 τε
794 1780 826 1839 δὲ
839 1778 942 1840 ἀπονο-

130 1868 249 1945 ἳντησας
262 1868 374 1943 ἐπέστη,
386 1867 432 1927 οἶα
445 1868 476 1937 ἐξ
488 1867 612 1928 ἀέλπτου
625 1868 725 1927 ἰδοῦσα
736 1866 756 1943 ἡ
767 1867 838 1949 γυνη
851 1859 941 1946 εἴρετο

139 1957 269 2034 προτέρη,
287 1954 303 2015 ὅ
324 1982 351 2015 τι
370 1981 419 2033 μιν
439 1956 510 2017 οὕτω
529 1954 678 2033 προθύμως
692 1954 838 2037 Ἀρπαγος
856 1982 941 2033 μετα·

137 2047 297 2123 πέμψαιτο;
317 2042 335 2105 ἀ
353 2044 383 2104 δέ
403 2043 471 2105 εἶπε·
493 2043 537 2103 “0’1
556 2043 647 2125 γύναι,
665 2042 738 2105 εἶδόν
757 2069 789 2103 τε
808 2048 837 2107 ἐς
854 2043 941 2105 πόλιν

138 2134 228 2195 ἐλθιδν
246 2134 292 2193 καὶ
308 2131 419 2209 ἥκουσα
436 2132 468 2193 τὰ
486 2130 558 2210 μήτε
577 2130 643 2193 ἰδεῖν
660 2130 767 2208 ὄφελον
783 2129 856 2208 μήτε
875 2136 943 2193 κυτέ-

136 2223 269 2303 γενέσθαι
283 2227 310 2286 ἐς
323 2220 461 2283 δεσπότας
470 2220 535 2282 τούς
547 2219 706 2297 ἡμετέρους.
736 2218 812 2283 οἶκος
823 2221 876 2297 μὲν
883 2225 940 2285 πᾶς

136 2309 280 2391 Ἁρπάγου
296 2310 430 2387 κλαυθμῷ
445 2308 597 2385 κατείχετο,
611 2306 666 2388 ἐγω
682 2306 713 2367 δὲ
727 2307 876 2388 ἐκπλαγεὶς
889 2308 940 2383 ἧῖα

138 2400 202 2457 ἔσω·
223 2398 259 2461 ὥς
278 2398 308 2456 δέ
326 2396 450 2474 τάχιστα
470 2396 603 2471 ἐσῆλθον,
620 2394 689 2473 ὁρέω
705 2396 815 2457 παιδίον
829 2398 939 2473 προκεί·

137 2512 228 2563 μενον,
240 2484 380 2561 ἀσπαῖρόν
390 2509 421 2544 τε
434 2484 480 2543 καὶ
490 2482 720 2564 κραυγανόμενον,
730 2485 939 2561 κεκοσμημένον

136 2577 233 2653 χρυσῷ
244 2598 276 2633 τε
292 2573 338 2631 καὶ
355 2572 454 2647 ἐσθῆτι
469 2573 594 2651 ποικίλῃ.
623 2570 771 2653 Ἀρπαγος
785 2572 817 2631 δὲ
832 2571 868 2635 (ἀς
882 2572 940 2633 εἶδέ

137 2687 181 2740 με,
203 2660 311 2719 ἐκέλευε
334 2658 386 2735 τὴν
408 2660 547 2739 ταχίστην
567 2659 751 2736 ἀναλαβόντα
773 2659 806 2720 τό
827 2660 938 2723 παιδίον

137 2748 266 2827 οἴχεσθαι
279 2748 409 2825 φέροντα,
423 2749 469 2807 καὶ
483 2748 571 2809 θεῖναι
584 2748 650 2809 ἔνθα
663 2748 883 2824 θηριωδέστατον
894 2749 938 2826 ε’ίη

137 2842 192 2897 τῶν
209 2835 317 2914 ου’ρέων,
334 2836 391 2913 φάς
409 2834 570 2917 Ἀστυάγεα
588 2834 658 2895 εἶναι
674 2835 725 2895 τόν
740 2840 830 2895 ταῦτα
847 2837 938 2897 ἐπιθέ-

136 2924 220 3003 μενόν
232 2950 288 3001 μοι,
301 2923 398 2985 πολλά
415 2922 573 2999 ἀπειλήσας
587 2921 615 2982 ἐἰ
629 2922 670 3001 μή
683 2929 762 2999 σφεα
775 2922 936 3001 ποιήσαιμι·

137 3013 183 3072 καὶ
196 3011 250 3093 ἐγω
265 3011 417 3088 ἀναλαβιδν
427 3013 534 3089 ἔφερον,
546 3011 647 3071 δοκέων
659 3016 714 3072 τῶν
725 3036 799 3074 τινος
812 3013 938 3073 οἰκετέων

137 3101 215 3161 εἶναι·
236 3098 268 3161 οὗ
284 3098 340 3180 γάρ
357 3098 392 3160 ἀν
405 3126 469 3159 κοτε
484 3098 619 3167 κατέδοξα
635 3099 711 3159 ἐνθεν
725 3126 760 3183 γε
774 3098 819 3176 ἧν.
853 3098 937 3177 ἐθάμ-

136 3190 207 3266 βεον
224 3188 255 3246 δέ
272 3187 358 3264 ὁρέων
374 3191 470 3265 χρυσῷ
485 3210 518 3244 τε
538 3186 584 3243 καὶ
605 3186 702 3262 εἵμασι
719 3188 936 3265 κεκοσμημένον,

33 3279 67 3321 Ι
137 3275 208 3353 πρός
225 3275 262 3346 δὲ,
277 3276 323 3333 καὶ
339 3273 482 3351 κλαυθμόν
498 3278 673 3333 κατεστεῶτα
688 3276 815 3352 ἐμφανέα
830 3280 860 3337 ἐν
872 3274 938 3354 Ἀρ-
