2150 3500
122 94 155 140 54
433 91 617 143 ἨΡΟΔΟΤΟΤ
885 87 931 151 [1-

121 165 166 244 ἢν·
186 169 271 248 χωρὶς
289 168 412 249 μὲνγὰρ
430 169 533 248 φόρων,
550 169 709 251 (ἔπρησσον
724 166 782 249 γάρ
802 165 934 227 ἑκάστων

122 253 156 316 τό
170 255 317 316 ἑκάστοισι
331 256 511 334 ἔπιβόλλον,)
525 257 610 336 χωρὶς
622 257 653 316 δὲ
668 259 718 315 τοῦ
732 253 824 332 φόρου
836 253 932 331 ἥρπα-

122 344 170 414 ζον
186 344 412 421 περιελαύνοντες
428 350 512 405 τοῦτο
528 345 545 405 ὅ
563 370 592 404 τι
609 345 699 423 ἔχοιεν
715 344 840 403 ἔκαστοι.
880 344 930 403 καὶ

122 431 227 492 τούτων
246 435 299 509 μὲν
317 431 382 496 τούς
402 437 524 496 πλεῦνας
544 432 694 509 Κυαξάρης
712 457 744 491 τε
764 431 811 489 καὶ
831 431 929 506 Μῆδοι

124 520 292 590 ξεινίσαντες
312 522 358 580 καὶ
378 521 622 599 καταμεθύσαντες
642 518 860 595 κατεφόνευσαν·
880 519 930 579 καὶ

124 608 194 668 οὕτω
212 608 392 670 ἀνεσώσαντο
407 610 459 685 τὴν
476 609 567 688 ἀρχὴν
584 608 681 684 Μῆδοι
698 607 745 667 καὶ
763 605 931 684 ἐπεκράτεον

122 701 177 757 τῶν
187 722 239 774 περ
253 698 300 758 καὶ
312 696 457 776 πρότερον·
477 699 524 757 καὶ
535 696 588 772 τήν
598 722 632 756 τε
643 699 732 757 Νῖνον
746 694 830 765 εἶλον,
840 694 889 773 (ὦς
898 694 931 755 δὲ

125 784 209 856 εἶλον,
225 789 253 845 ἓν
270 785 390 863 ἑτέροισι
402 784 518 867 λόγοισι
533 783 673 865 δηλώσω)
687 784 734 844 καὶ
746 782 811 846 τούς
822 781 932 842 Ἀσσυ-

122 873 199 949 ρίους
213 871 390 951 ύποχειρίους
403 873 573 949 ἐποιήσαντο
590 871 668 948 πλὴν
679 875 731 948 τῆς
743 871 933 947 Βαβυλωνίης

123 962 231 1038 μοίρης·
252 960 323 1038 μετὰ
342 960 371 1020 δὲ
388 965 485 1033 ταῦτα,
502 959 652 1038 Κυαξάρης
669 961 730 1037 μὲν,
747 957 933 1035 βασιλεύσας

123 1047 333 1125 τεσσεράκοντα
346 1049 407 1109 ἔτεα
420 1048 474 1110 σύν
485 1053 563 1110 τοῖσι
576 1047 683 1113 Σκύθαι
693 1045 789 1125 ἧρξαν,
799 1050 931 1126 τελευτᾷ.

79 1137 135 1196 107
145 1135 304 1202 Ἐκδέκεται
316 1136 347 1196 δὲ
359 1135 520 1219 Ἀστυάγης
533 1135 686 1214 Κυαξάρεω
698 1137 765 1197 παῖς
777 1133 829 1210 την
840 1135 933 1211 βασι-

123 1225 215 1302 ληίην·
233 1225 281 1284 καί
293 1229 320 1285 οί
333 1226 441 1307 ἐγένετο
456 1224 625 1308 θυγάτηρτῇ
639 1222 745 1300 οὕνομα
758 1223 835 1283 ἔθετο
847 1228 933 1283 Μαν-

124 1312 218 1390 δάνην·
238 1311 291 1389 την
314 1313 405 1375 ε’δόκεε
424 1312 585 1394 Ἀστυάγης
605 1318 635 1372 ἐν
653 1316 693 1390 τῷ
710 1310 788 1394 ύπνιρ
808 1310 933 1389 οίρῆσαι

122 1406 260 1462 τοσοῦτον
278 1401 351 1462 ὥστε
370 1404 484 1477 πλῆσαι
503 1403 556 1478 μὲν
572 1398 625 1476 τὴν
643 1403 743 1460 ἑωυτοῦ
758 1397 852 1473 πόλιν,
869 1403 932 1458 ἐπι-

124 1489 299 1550 κατακλύσαι
315 1490 346 1549 δὲ
366 1490 413 1548 καὶ
431 1486 484 1565 τὴν
498 1487 602 1564 Ἀσίην
616 1492 723 1548 πᾶσαν·
742 1485 932 1565 ὑπερθέμενος

123 1577 153 1636 δὲ
168 1581 223 1636 τῶν
239 1576 336 1657 μάγων
348 1579 425 1637 τοῖσι
441 1575 649 1654 ὀνειροπόλοισι
664 1574 698 1637 τό
713 1574 847 1647 ἐνύπνιον,
860 1579 931 1651 ε’φο-

121 1662 201 1741 βήθη
214 1663 279 1742 παρ’
293 1663 382 1724 αὐτῶν
394 1662 465 1726 αὐτοὶ
478 1665 584 1725 ἕκαστα
599 1662 707 1741 μαθών.
740 1661 813 1741 μετὰ
824 1663 862 1734 δὲ,
875 1662 931 1739 τήν

123 1752 275 1830 Μανδάνην
286 1751 397 1829 ταύτην,
409 1758 511 1815 ἐοῦσαν
522 1753 577 1830 ἤδη
589 1752 688 1831 ὀνδρός
700 1751 812 1830 άραίην,
822 1750 930 1828 Μήδων

123 1842 176 1918 μὲν
191 1845 246 1900 τῶν
263 1844 362 1901 ἑωυτοῦ
378 1840 462 1911 ὀξίων
477 1841 568 1902 οόδενὶ
584 1841 656 1901 διδοῖ
668 1844 788 1922 γυναῖκα
800 1840 930 1904 δεδοικιδς

123 1926 176 2003 τήν
186 1926 260 2005 ὅφιν·
274 1928 290 1989 ὀ
303 1928 334 1988 δὲ
346 1933 447 2008 Πέρση
458 1930 530 1990 διδοῖ
540 1934 579 2008 τῷ
591 1927 698 2006 οὕνομα
709 1927 745 2004 ἦν
755 1926 927 2005 Καμβύσης,

121 2015 172 2077 τόν
185 2015 296 2095 εὕρισκε
309 2017 397 2093 οἰκίης
411 2021 463 2095 μὲν
476 2016 558 2079 ε’όντα
571 2016 680 2098 ἀγαθῆς
695 2015 802 2093 τρόπου
815 2016 846 2075 δὲ
857 2016 928 2092 ἡσυ-

122 2104 194 2182 χίου,
205 2109 305 2184 πολλῷ
316 2106 407 2183 ἔνερθε
420 2104 494 2188 ἄγων
504 2104 589 2166 αύτόν
600 2104 691 2182 μέσου
703 2103 802 2182 οἷνδρός
814 2104 926 2180 Μήδου.

78 2194 133 2252 108
143 2193 344 2270 Συνοικεούσης
367 2194 397 2253 δὲ
418 2198 457 2273 τῷ
481 2192 630 2273 Καμβύση
652 2197 704 2270 τῆς
727 2190 885 2268 Μανδάνης,
909 2192 927 2253 ὀ

121 2278 280 2363 Ἀστυάγης
296 2286 335 2359 τῷ
353 2282 452 2361 πρώτῳ
466 2283 520 2342 ἔτεϊ
539 2280 594 2341 εἶδε
612 2279 706 2357 ἅλλην
718 2279 793 2359 ὅφιν.
834 2279 928 2341 ἐδόκεε

122 2368 154 2429 δέ
175 2373 202 2429 oz
215 2375 246 2429 ε’κ
266 2374 323 2429 τῶν
344 2366 454 2429 αἰδοίων
479 2374 530 2445 τῆς
553 2367 691 2450 θυγατρός
714 2368 817 2445 ταύτης
840 2373 928 2444 φῦναι

123 2455 260 2533 ἄμπελον,
268 2456 320 2532 την
330 2456 360 2515 δὲ
374 2456 502 2533 ἄμπελον
513 2460 640 2535 ἐπισχεῖν
649 2455 702 2532 τὴν
710 2455 812 2533 Ἀσίην
818 2462 926 2519 πᾶσαν·

123 2543 186 2603 ίδιόν
202 2544 231 2604 δὲ
247 2549 331 2605 τοῦτο
348 2546 395 2603 καὶ
412 2543 599 2622 ὑπερθέμενος
614 2548 692 2605 τοῖσι
708 2543 926 2623 ὀνειροπόλοισι,

122 2633 321 2712 μετεπέμψατο
335 2637 366 2693 ἐκ
381 2636 436 2693 τῶν
449 2633 584 2712 Περσέων
596 2631 649 2707 τήν
662 2633 801 2714 θυγατέρα
813 2634 928 2694 ἐπίτεκα

124 2725 234 2794 έοῦσαν,
262 2720 432 2800 ἀπικομένην
457 2722 487 2783 δὲ
514 2720 665 2798 ἐφύλασσε
690 2720 867 2799 βουλόμενος
891 2721 927 2781 τδ

122 2810 293 2892 γεννώμενον
306 2811 337 2882 ἐξ
349 2809 433 2887 αὐτῆς
446 2811 617 2889 διαφθεῖραι·
635 2815 666 2870 έκ
678 2808 734 2889 γάρ
744 2813 772 2870 οἱ
783 2815 834 2887 τῆς
846 2809 927 2889 ὄψιος

122 2902 149 2958 οἱ
167 2904 222 2960 τῶν
239 2899 336 2981 μάγων
354 2899 530 2977 ὀνειροπόλοι
549 2898 710 2975 ἐσήμαινον,
724 2896 769 2958 ὅτι
785 2900 891 2975 μέλλοι
909 2898 927 2959 ὀ

121 2990 171 3061 τῆς
184 2988 320 3069 θυγατρὸς
337 2987 422 3047 αὐτοῦ
435 2987 517 3069 γόνος
533 2984 721 3063 βασιλεύσειν
734 2985 795 3046 ἀντὶ
811 2988 927 3047 ε’κείνου.

121 3078 209 3133 ταῦτα
222 3074 255 3150 δὴ
271 3074 308 3136 ὦν
321 3075 540 3153 φυλασσόμενος
556 3072 572 3133 ὀ
585 3071 753 3154 Ἀστυάγης,
768 3074 804 3138 ὥς
817 3075 928 3155 ε’γένετο
999 3075 1002 3081 ’

120 3159 138 3220 ὀ
155 3166 257 3240 Κῦρος,
271 3164 394 3226 καλέσας
401 3163 549 3243 Ἅρπαγον
565 3159 653 3239 ἄνδρα
669 3160 783 3237 οίκηῖον,
797 3163 844 3221 καὶ
859 3188 928 3223 πισ·

121 3246 238 3309 τότατόν
247 3275 278 3309 τε
292 3249 396 3325 Μήδων
410 3250 456 3309 καὶ
468 3248 578 3309 πάντων
588 3248 739 3326 ἐπίτροπον
747 3254 805 3311 τῶν
814 3253 927 3322 ἑωυτοῦ,
