2150 3500
935 11 1005 53 Ϊ

182 97 232 148 ιιι
481 91 668 143 Ἦνοιοτον
935 87 997 157 [11

180 174 291 258 γυναικὶ
305 170 410 253 τράγος
425 171 558 251 ἐμίσγετο
576 167 747 246 ἀναφανδόν.
778 169 863 232 τούτο
883 171 914 235 ἐς
931 170 998 232 ἐπί-

182 263 267 332 δειξιν
279 259 431 337 άνθράπων
444 258 569 318 ἀπίκετο.

132 352 171 416 47
214 349 271 409 Ὗν
295 349 325 408 δέ
348 346 498 427 Αἰγύπτιοι
517 343 618 423 μιαρόν
644 344 763 426 ἥγηνται
784 344 883 423 θηρίον
908 344 995 406 εἶναι·

182 438 231 498 καὶ
256 440 341 498 τοῦτο
363 438 415 510 μὲν
437 434 473 510 ήν
495 459 537 497 τις
565 432 662 512 ψαύσῃ
686 431 776 493 αὐτῶν
799 433 909 510 παριών
930 433 993 508 ύδς,

180 525 293 586 αύτοῖσι
307 523 444 602 ἱματίοισι
457 520 504 581 ἐπ’
519 519 557 580 ὧν
573 522 665 599 ἔβαψε
682 519 789 591 έωυτδν,
806 519 864 596 βάς
877 521 926 581 ἐπὶ
938 521 996 584 τᾶν

179 613 318 691 ποταμόν·
351 614 434 671 τοῦτο
457 609 488 670 δὲ
513 611 541 669 οἱ
567 610 705 685 συβῶται,
725 606 816 673 ἐόντες
836 607 993 690 Αἰγύπτιαι

180 701 311 783 ἐγγενέες,
327 703 356 763 ἐς
374 697 434 775 ἶρόν
454 697 533 757 οὐδὲν
549 699 606 757 τῶν
624 701 653 757 ἐν
669 695 802 777 Αἰγύπτῳ
820 697 992 776 ἐσέρχονται

178 793 278 866 μοῦνοι
292 786 410 847 πάντων·
431 784 496 845 ούδέ
507 789 565 860 σφι
573 783 733 844 ἐκδίδοσθαι
743 784 884 864 θυγατέρα
898 785 992 852 οὐδεὶς

179 878 272 938 ἐθέλει
284 872 340 934 οὐδ’
354 871 475 954 άγεσθαι
492 871 523 942 ἐξ
538 869 636 932 αὐτῶν·
657 870 724 931 ἀλλ’
742 871 902 932 ἐκδιδάαταί
914 899 948 933 τε
962 879 991 936 οἱ

178 965 308 1040 συβῶται
328 961 375 1021 καὶ
393 959 510 1042 ἀγέαται
530 959 561 1029 ἐξ
587 957 732 1037 ἀλλήλων.
765 962 843 1021 τοῖσι
861 961 918 1038 μέν
936 988 990 1024 νυν

178 1049 297 1110 ἄλλοισι
323 1049 416 1109 θεοῖσι
441 1048 517 1108 θύειν
543 1044 576 1111 ύς
602 1046 635 1107 οὐ
661 1047 797 1107 δικαιεῦσι
823 1047 987 1130 Αἰγύπτιοι,

178 1138 289 1219 Σελήνῃ
302 1138 332 1198 δὲ
345 1137 392 1197 καὶ
405 1136 535 1215 Διονύσῳ
548 1134 687 1213 μούνοισι,
700 1139 752 1196 τοῦ
767 1133 855 1197 αὐτοῦ
867 1136 986 1215 χρόνου,

176 1231 214 1307 τῇ
225 1227 297 1307 αὐτῇ
309 1223 486 1304 πανσελήνῳ,
495 1223 562 1286 τούς
574 1221 605 1288 ὗς
616 1221 750 1287 θύσαντες
762 1223 915 1285 ποτέονται
926 1229 986 1288 τῶν

176 1320 273 1392 κρεῶν.
313 1313 385 1374 διότι
398 1313 428 1373 δὲ
440 1311 505 1376 τούς
517 1309 550 1375 ὗς
564 1315 593 1371 ἐν
606 1313 658 1386 μὲν
671 1314 739 1389 τῇσι
755 1310 864 1390 ἄλλῃσι
877 1311 985 1392 ὁρτῇσι

175 1402 391 1483 ἀπεστυγήκασι
411 1404 441 1460 ἐν
461 1401 491 1459 δέ
510 1398 598 1480 ταύτῃ
619 1398 727 1469 θύουσι,
741 1400 802 1459 ἐστι
820 1401 874 1476 μὲν
893 1393 984 1484 λόγος

175 1491 240 1568 περὶ
259 1490 345 1550 αὐτοῦ
364 1488 406 1548 ύπ
432 1488 591 1570 Αἰγυπτίων
610 1485 771 1568 λεγόμενος·
802 1487 864 1564 ἐμοὶ
883 1490 983 1565 μέντοι

175 1579 351 1656 ἐπισταμένῳ
385 1575 436 1636 οὐκ
476 1574 696 1653 εύπρεπέοτερύς
736 1579 808 1645 ἐστι,
831 1577 981 1658 λέγεσθαι.

177 1667 263 1744 θυσίη
283 1666 313 1726 δὲ
332 1665 382 1742 ήδε
398 1668 454 1725 τῶν
469 1663 525 1724 ύῶν
541 1667 579 1744 τῇ
595 1659 705 1742 Σελήνῃ
720 1664 854 1724 ποιέεται·
895 1667 981 1728 ἐπεάν
1050 1681 1051 1688 ’

176 1755 259 1833 θύσῃ,
272 1754 324 1831 τήν
337 1753 423 1832 ούρήν
438 1752 524 1830 άκρην
539 1752 585 1811 καὶ
599 1753 649 1813 τδν
665 1756 781 1829 σπλῆνα
799 1753 844 1813 καὶ
857 1753 908 1815 τὸν
921 1759 978 1817 ἐπί-

173 1847 265 1903 πλοον
290 1842 401 1905 συνθεὶς
426 1840 506 1918 ὁμοῦ,
533 1838 593 1901 κατ’
616 1839 653 1900 ὦν
675 1840 799 1918 ἐκάλυψε
821 1840 904 1921 πάσῃ
926 1848 978 1905 τοῦ

173 1931 287 2008 κτήνεος
303 1933 340 2010 τῇ
357 1932 465 2008 πιμελῇ
481 1932 518 2008 τῇ
529 1929 595 2007 περὶ
611 1927 663 2005 τήν
676 1928 759 2004 νηδύν
775 1930 917 2010 γινομένῃ,
930 1932 977 1992 καὶ
1047 1930 1048 1948 ³

174 2019 269 2079 ἔπειτα
290 2020 432 2100 καταγίζει
446 2018 523 2096 πυρί·
543 2017 579 2077 τά
599 2016 630 2076 δέ
650 2015 728 2076 ἄλλα
748 2017 815 2094 κρέα
834 2020 976 2093 σιτέονται
1045 2083 1046 2098 γ

174 2112 204 2168 ἐν
215 2111 252 2187 τῇ
265 2106 433 2186 πανσελήνῳ
450 2109 480 2167 ἐν
494 2108 531 2185 τή
544 2103 579 2165 ἂν
593 2104 630 2165 τά
649 2105 695 2182 ἱρά
714 2103 832 2165 θύσωσι·
853 2111 883 2167 ἐν
898 2106 975 2189 άλλη

172 2195 204 2255 δέ
215 2196 306 2275 ἡμέρῃ
319 2193 370 2256 ούκ
384 2191 418 2254 ἂν
431 2194 471 2254 ἐτι
488 2192 651 2275 γευσαίατο·
673 2194 700 2251 οἱ
713 2192 742 2251 δέ
757 2192 873 2269 πένητες
885 2193 974 2257 αὐτῶν

172 2282 219 2342 ὑπ’
228 2283 374 2360 ἀσθενείης
381 2283 449 2358 βίον
462 2282 606 2343 σταιτίνας
614 2278 817 2354 πλάσαντεςῦ3
829 2282 876 2341 καὶ
888 2281 974 2361 α’πτή-

125 2374 163 2431 48
173 2396 274 2435 σαντες
290 2370 392 2433 ταύτας
410 2368 520 2430 θύουσι.
561 2373 606 2448 Τῷ
621 2368 651 2428 δὲ
663 2367 806 2449 Διονύσῳ,
819 2371 871 2447 τῆς
890 2370 972 2449 ὄρτής

171 2461 207 2536 τῇ
220 2458 329 2536 δορπίῃ,
343 2461 441 2536 χοῖρον
453 2456 509 2535 πρδ
522 2460 579 2517 τῶν
597 2458 701 2535 θυρέων
713 2456 827 2534 σφάξας
846 2458 970 2532 ἔκαστος,

172 2545 245 2604 διδοῖ
262 2543 459 2622 ἀποφέρεσθαι
477 2543 528 2605 τᾶν
549 2547 647 2623 χοῖρον
663 2543 737 2624 αὐτῷ
753 2548 792 2626 τῷ
809 2544 970 2629 ἀποδομένῳ

170 2636 226 2694 τῶν
244 2632 405 2707 συβωτέων.
444 2630 496 2708 τήν
516 2632 547 2691 δέ
566 2631 659 2709 ἄλλην
679 2632 816 2715 ἀνάγουσι
831 2632 917 2711 ὄρτήν
930 2644 970 2716 τᾷ

172 2720 301 2801 Διονύσῳ
328 2723 356 2781 οἶ
381 2719 539 2802 Αἰγύπτιοι,
559 2719 637 2797 πλήν
661 2727 762 2801 χορῶν,
789 2723 860 2783 κατα
882 2722 968 2785 ταύτὰ

172 2809 276 2889 σχεδὸν
287 2808 379 2870 πάντα
391 2808 529 2885 Ἕλλησι·
549 2807 612 2868 ἀντὶ
630 2808 659 2867 δὲ
678 2812 806 2885 φαλλῶν,
820 2809 898 2871 ἄλλα
913 2814 970 2889 σφί

172 2902 234 2957 ἐστι
254 2896 420 2975 ἐξευρημένα
433 2895 503 2957 ὅσον
517 2920 550 2956 τε
562 2899 687 2974 πηχυαῖα
706 2896 860 2978 ἀγάλματα
878 2900 967 2977 νευρό·

171 3009 290 3045 σπαστα
298 2984 334 3045 τά
345 2985 545 3061 περιφορέουσι
556 2983 626 3043 κατά
640 2982 734 3061 κιύμας
745 2988 880 3065 γυναῖκες,
890 2990 966 3048 νεύον

172 3072 206 3131 τύ
227 3072 332 3132 αἰδοῖον
353 3072 385 3132 ού
405 3075 506 3149 πολλῷ
524 3070 577 3149 τέῳ
598 3071 725 3131 ἔλασσον
744 3070 791 3131 ἐδν
808 3075 860 3132 τοῦ
877 3071 965 3135 άλλου

171 3158 310 3236 σώματος·
329 3159 497 3239 προηγέεται
514 3157 545 3216 δέ
565 3155 660 3227 αύλδς,
680 3158 759 3218 οἶδὲ
782 3160 895 3221 ἕπονται
912 3161 965 3223 θεί-

170 3243 270 3305 δουσαι
294 3245 345 3307 τᾶν
366 3245 516 3306 Διόνυσον.
556 3242 628 3305 διότι
647 3243 677 3304 δὲ
698 3246 783 3321 μέζον
801 3276 833 3310 τε
857 3249 964 3328 ἔχειτὰ
