2150 3500
109 104 222 171 τι-το]
244 134 247 139 -
460 106 605 157 emm:
869 101 918 149 239

108 183 212 244 λεύειν·
241 184 376 265 Πέρσῃσι
401 186 431 245 δὲ
457 184 556 245 πολλοὶ
583 184 802 264 ἐπαρησάμενος,
825 188 849 244 εἰ
873 184 916 261 μὴ

109 270 320 349 ἀνακτησαίατο
341 272 433 333 ὀπίσω
455 272 508 349 την
531 272 623 351 ἀρχὴν
646 272 693 331 καὶ
712 270 778 335 τούς
798 271 917 352 Μάγους

107 360 249 430 τισαίατο,
264 360 355 436 άπῆκε
371 360 471 421 ἐωυτδν
489 360 535 419 ἐπὶ
554 358 684 435 κεφαλήν
697 358 836 435 φέρεσθαι
855 359 912 419 άπδ

106 452 162 507 τοῦ
185 446 295 529 πύργου
319 447 402 508 κάτω.
443 446 621 525 Πρηξάσπης
640 446 694 523 μέν
716 472 772 516 νυν,
793 445 845 507 ἐάν
864 446 915 507 τδν

106 533 203 595 πάντα
216 535 319 614 χρόνον
331 534 401 613 οἷνήρ
416 534 536 611 δόκιμος,
551 535 623 595 οὕτω
638 533 815 610 ἐτελεύτησε.

152 626 191 683 Οἱ
210 624 240 683 δὲ
260 623 295 699 δὴ
315 622 385 683 ἑπτά
403 628 459 684 τῶν
479 622 622 701 Περσέων,
643 622 680 685 ὦς’
702 621 912 699 ἐβουλεύσαντο
923 624 961 685 76

107 708 211 769 αύτίκα
231 710 393 789 ἐπιχειρέειν
405 715 482 771 τοῖσι
502 711 633 792 Μάγοισι
650 711 697 769 καὶ
715 710 759 786 μῆ
770 710 914 787 ὑπερβάλ-

88 798 222 867 λεσθαι,
254 798 341 873 ἤϊσαν
368 798 512 876 εὐξάμενοι
536 804 615 858 τοῖσι
641 798 741 867 θεοῖσι,
767 802 824 858 τῶν
849 799 913 876 περὶ

110 886 293 961 Πρηξάσπεα
309 886 490 963 πρηχθέντων
504 886 606 949 εἰδότες
619 885 708 946 οὐδέν.
742 886 771 945 έν
783 912 815 944 τε
830 886 864 961 δὴ
877 890 914 966 τῇ

106 971 165 1049 ὁδῷ
186 973 263 1053 μέση
287 975 447 1052 στείχοντες
468 975 600 1055 ἐγίνοντο,
626 973 673 1033 καὶ
695 972 732 1032 τοὶ
751 974 816 1048 περὶ
836 980 914 1051 Πρη-

106 1059 222 1129 ξάσπεα
241 1060 378 1143 γεγονότα
399 1061 593 1123 ἐπυνθάνοντο·
629 1062 747 1121 ἐνθαῦτα
768 1061 915 1125 ἐκστάντες

104 1152 161 1223 τῆς
180 1148 245 1209 άδοῦ
264 1150 395 1210 ἐδίδοσαν
410 1148 487 1213 αύτίς
506 1156 595 1226 σφισι
609 1148 719 1228 λόγους,
734 1152 760 1207 οἶ
773 1151 825 1225 μὲν
837 1148 913 1226 α’μφὶ

106 1235 161 1297 τάν
174 1235 295 1315 Ὀτάνην
310 1237 406 1320 πάγχυ
426 1237 584 1301 κελεύοντες
602 1236 825 1314 ὑπερβαλέσθαι,
843 1238 915 1315 μηδὲ

106 1324 253 1387 οἰδεόντων
272 1330 327 1388 τῶν
346 1326 516 1409 πρηγμάτων
537 1326 719 1395 ἐπιτίθεσθαι,
740 1327 768 1383 οἱ
787 1324 818 1383 δὲ
837 1324 913 1401 ἀμφὶ

105 1411 160 1473 τδν
187 1419 308 1491 Δαρεῖον
335 1415 432 1474 αὐτίκα
463 1440 495 1475 τε
525 1413 595 1474 ἰέναι
622 1415 668 1472 καὶ
698 1412 735 1471 τά
761 1411 914 1493 δεδογμένα

105 1500 221 1573 ποιέειν,
235 1503 306 1578 μηδὲ
323 1502 567 1579 ὑπερβάλλεσθαι·
589 1499 762 1577 ὠθιζομένων
775 1499 799 1559 δ’
813 1499 912 1573 αύτῶν,

107 1589 199 1666 ἐφάνη
228 1590 328 1667 ίρήκων
355 1590 425 1650 ἑπτά
453 1589 551 1671 ζεύγεα
577 1589 626 1649 δύο
653 1592 789 1670 αἰγυπιῶν
815 1588 913 1670 ζεύγεα

106 1676 242 1738 διώκοντά
262 1704 294 1738 τε
316 1678 363 1736 καὶ
382 1680 518 1738 τίλλοντα
541 1677 586 1736 καὶ
608 1676 785 1756 άμύσσοντα·
810 1676 913 1741 ἰδόντες

106 1765 138 1824 δὲ
164 1771 251 1826 ταῦτα
274 1771 300 1826 οἱ
325 1768 402 1838 ἐπτά,
424 1767 476 1843 τήν
501 1793 532 1826 τε
557 1767 677 1845 Δαρείου
700 1765 801 1830 πάντες
821 1767 913 1826 αἴνεον

105 1853 282 1934 γνώμηνκαὶ
296 1857 390 1915 ἔπειτα
403 1854 489 1932 ἤϊσαν
502 1856 550 1914 ἐπὶ
560 1855 597 1914 τά
609 1854 760 1930 βασιλήϊα,
774 1854 911 1931 τεθαρση-

106 1941 187 2004 κότες
212 1948 289 2003 τοῖσι
309 1943 411 2020 ὄρνισι.
452 1943 608 2004 Ἐπιστᾶσι
634 1942 665 2001 δέ
685 1944 731 2001 ἐπὶ
751 1942 801 2004 τάς
819 1941 958 2007 τύλας77

105 2031 214 2110 ἐγίνετο
235 2031 295 2092 οἶόν
314 2058 343 2091 τι
364 2033 473 2110 Δαρείῳ
494 2032 514 2108 ἦ
534 2030 632 2112 γνώμη
653 2031 744 2107 ἔφερε·
770 2030 909 2091 καταιδεό-

104 2143 185 2194 μενοι
197 2117 253 2200 γάρ
268 2123 294 2178 ὀἶ
308 2119 431 2195 φύλακοι
445 2119 545 2197 ἄνδρας
557 2118 622 2181 τούς
631 2116 766 2194 Περσέων
774 2115 907 2193 τρίπους,

106 2207 155 2264 καὶ
169 2207 247 2266 οὐδὲν
264 2212 391 2267 τοιοῦτον
408 2206 611 2268 ύποπτεύοντες
629 2206 661 2276 ἐξ
677 2204 766 2264 αὐτῶν
785 2206 909 2275 ἐσεσθαι,

104 2290 245 2370 παρίεσαν
269 2288 329 2374 θείη
356 2299 456 2374 πομπῇ
478 2293 660 2374 χρεωμένους·
695 2291 751 2352 οὐδ’
776 2292 910 2369 ἐπειρώτα

105 2379 203 2445 οὐδείς·
225 2385 287 2442 ε’πεί
297 2407 328 2442 τε
341 2383 371 2442 δὲ
384 2384 531 2460 παρῆλθον
546 2388 573 2445 ἐς
584 2382 636 2458 τὴν
648 2380 746 2458 αύλήν,
758 2376 909 2458 ἐνέκυρσαν

104 2473 182 2529 τοῖσι
194 2469 245 2534 τάς
260 2470 395 2552 άγγελίας
411 2469 569 2547 ἐσφέρουσι
587 2467 800 2549 εύνούχοισι,οἴ
816 2476 909 2546 σφεας

105 2557 263 2635 ἱστόρεονὸ
279 2585 308 2619 τι
324 2559 453 2622 θέλοντες
467 2558 570 2634 ἥκοιεν·
592 2558 639 2617 καὶ
656 2558 717 2635 ’ἅμα
737 2557 909 2635 ἱστορέοντες

103 2645 219 2710 τούτους
234 2651 313 2707 τοῖσι
332 2651 500 2724 πυλουροῖσι
516 2646 656 2716 ἀπείλεον,
670 2646 714 2706 ὅτι
727 2646 821 2723 σφέας
837 2673 907 2724 παρ-

104 2738 184 2810 ῆκαν,
198 2735 283 2814 ἴσχον
295 2761 327 2795 τε
340 2733 532 2811 βουλομένους
544 2733 610 2796 τούς
624 2733 694 2793 ἐπτοὶ
711 2739 739 2797 ἐς
757 2735 789 2793 τὸ
808 2733 908 2811 πρόσω

103 2822 241 2897 παριέναι·
263 2826 290 2883 οἶ
304 2823 333 2881 δὲ
346 2823 592 2898 διακελευσάμενοι
613 2822 659 2880 καὶ
678 2822 859 2898 σπασάμενοι
869 2823 907 2882 τά

105 2912 263 2990 ἐγχειρίδια,
284 2909 398 2974 τούτους
419 2913 471 2987 μέν
486 2909 552 2972 τούς
571 2909 704 2988 ἴσχοντας
720 2909 805 2968 αύτοῦ
819 2909 907 2989 ταύτῃ

104 2998 311 3078 συγκεντέουσι,
323 2999 402 3059 αὐτοὶ
415 2999 445 3058 δὲ
457 2997 543 3073 ἤϊσαν
553 2997 647 3075 δρόμῳ
660 3002 687 3059 ἐς
699 2990 749 3056 τδν
758 2996 905 3075 ἀνδρεῶνα.

105 3089 143 3146 Οἱ
158 3085 188 3144 δέ
206 3087 303 3168 Μάγοι
320 3089 417 3166 ἔτυχον
435 3085 592 3165 άμφάτεροι
606 3089 757 3160 τηνικαῦτα
773 3084 863 3148 ε’όντες
874 3111 905 3144 τε
915 3086 955 3147 78

105 3173 167 3244 ἔσω,
192 3175 239 3233 καὶ
261 3174 297 3234 τά
320 3175 376 3235 άπδ
397 3173 587 3251 Πρηξάσπεος
605 3172 741 3253 γενόμενα
761 3176 792 3232 ἐν
810 3174 906 3252 βουλῇ

105 3261 223 3342 ἔχοντες·
255 3261 316 3321 ε’πεὶ
338 3262 375 3324 ὧν
399 3263 472 3322 εἶδον
493 3261 559 3324 τούς
582 3258 730 3339 εύνούχους
751 3260 905 3339 τεθορυβη·
