2150 3500
163 91 212 138 ιιι
472 68 655 139 Ἦνσισιου
898 85 965 151 [m

163 166 377 243 βάλλεσθαι
341 192 440 279 γονον·
476 166 625 247 Αἰγύπτιοι
637 166 668 225 δὲ
684 166 804 247 λέγουσι
817 167 937 229 σέλας’
922 167 968 226 επὶ

164 252 217 330 την
239 255 350 330 βοῦν’
336 280 367 313 εκ
389 257 440 314 τοῦ
467 252 586 331 ούρανοῦ
613 254 765 333 κατίσχειν,
792 254 843 312 καί
863 280 915 330 μιν
937 257 967 313 ἐκ

164 340 263 401 τούτου
275 341 377 402 τίκτειν
388 340 439 401 τόν
446 340 580 401 ”·”Απιν
565 366 623 421 εχει
638 339 700 399 δὲ
683 367 700 399 ο
715 339 830 419 μόσχος
845 338 968 410 οὗτος,ο

159 426 245 493 Ἀπις
268 428 444 505 καλεόμενος,
465 427 576 505 σημήῖα
600 427 694 488 τοιάδε
714 426 766 487 ε’ών
784 429 888 504 μέλας·
921 429 970 488 έπὶ

164 518 216 592 μὲν
228 520 267 595 τῳ
278 517 395 595 μετώπῳ
407 515 509 575 λευκόν
521 515 701 597 τετράγωνον,
713 515 759 575 έπὶ
772 514 803 574 δὲ
815 519 869 575 τοῦ
881 514 969 576 νώτου

166 603 258 663 αἱετάν
271 605 444 680 εἰκασμένον,
457 607 487 663 έν
502 601 533 661 δὲ
545 605 581 681 τῇ
594 602 663 681 ούρῇ
676 601 727 665 τάς
741 602 841 680 τρίχας
856 601 969 674 διπλᾶς,

119 690 212 749 29έπὶ
230 690 261 749 δὲ
279 695 315 769 τῇ
334 689 457 771 γλώσσῃ
479 689 640 771 κάνθαρον.)
679 688 729 753 Ὡς
746 689 776 748 δὲ
791 687 906 771 ἤγαγον
918 689 970 751 τόν
1042 707 1043 710 ’

161 776 247 838 Ἀπιν
260 780 287 837 οἱ
300 779 378 855 ἱρέες,
391 777 407 837 ὁ
427 776 590 855 Καμβύσης
607 778 654 837 οἶα
671 776 723 836 ε’ών
737 775 971 859 ὑπομαργότερος

166 865 348 943 σπασάμενος
373 865 407 925 τό
433 865 607 947 ἐγχειριδιον,
627 866 717 925 θέλων
738 864 826 942 τύψαι
843 865 901 940 τὴν
918 892 970 946 γα-

167 954 254 1030 στέρα
266 952 426 1017 ποῦ”Απιος
438 954 514 1012 παίει
526 952 578 1013 τόν
593 952 692 1031 μηρόν·
713 952 841 1033 γελάσας
853 952 895 1023 δὲ,
909 953 971 1013 εἶπε

167 1040 237 1119 πρός
255 1040 320 1105 τούς
340 1042 422 1120 ἱρέας·
447 1040 490 1100 “ώ
510 1042 593 1100 κακαὶ
613 1040 745 1116 κεφαλαὶ,
765 1043 890 1100 τοιοῦτοι
910 1042 971 1102 θεοὶ

165 1129 298 1210 γίνονται,
325 1130 433 1206 ἔναιμοί
455 1154 487 1190 τε
510 1129 559 1187 καὶ
579 1128 734 1206 σαρκώδεες
756 1128 803 1187 καὶ
825 1128 972 1193 ἐπαΐοντες

167 1218 314 1295 σιδηρίωνς
349 1214 425 1287 ἀξισς
447 1218 499 1294 μὲν
519 1216 679 1298 Αἰγυπτίων
702 1213 784 1278 οὗτός
800 1240 836 1296 γε
854 1215 874 1276 ά
895 1216 970 1281 θεός·
1045 1225 1047 1242 ³

167 1303 238 1383 ἀτάρ
260 1332 305 1366 τοι
326 1304 404 1382 ύμεῖς
428 1329 462 1386 γε
482 1303 515 1365 σύ
542 1303 686 1384 χαίροντες
711 1303 823 1385 γέλωτα
845 1306 897 1381 ἐμὲ
920 1304 971 1381 θή-

169 1394 283 1455 σεσθε.”
315 1398 403 1454 ταῦτα
418 1394 504 1465 εἶπας,
518 1393 675 1453 ἐνετείλατο
686 1396 763 1452 τοῖσι
774 1395 864 1452 ταῦτα
876 1392 971 1470 πρήσ-
1040 1402 1046 1448 s

169 1507 263 1553 σουσι,
276 1481 342 1545 τούς
353 1484 405 1558 μὲν
419 1483 493 1559 ἱρέας
505 1480 751 1561 ἀπομαστιγῶσαι,
765 1481 927 1560 Αἰγυπτίων
940 1481 972 1541 δὲ
1046 1525 1047 1554 3

168 1572 223 1629 τῶν
249 1569 345 1629 ἄλλων
373 1569 423 1629 τόν
451 1567 485 1629 ἂν
514 1567 631 1645 λάβωσι
661 1566 814 1644 ὁρτάζοντα
842 1570 970 1629 κτείνειν.
1046 1559 1047 1574 ¹

169 1656 238 1734 ὁρτὴ
263 1658 315 1733 μὲν
340 1656 374 1732 δή
397 1656 543 1717 διελέλυτο
568 1655 757 1737 Αἰγυπτίοισι·
790 1657 819 1715 οἱ
841 1655 873 1714 δὲ
899 1656 972 1733 ἱρέες

169 1744 343 1805 ἐδικαιεῦντο·
377 1744 394 1804 ὁ
418 1745 448 1805 δὲ
467 1742 554 1809 Ἀπις
574 1743 770 1825 πεπληγμένος
791 1742 842 1804 τόν
867 1744 971 1821 μηρόν,
1047 1818 1048 1821 ¹

169 1833 265 1909 ἔφθινε
278 1837 307 1893 ἐν
318 1837 358 1912 τῷ
373 1836 422 1912 ἱρῷ
437 1833 640 1909 κατακείμενος.
681 1831 790 1891 καὶτὸν
801 1833 862 1908 μὲν,
875 1837 972 1893 τελευ-

169 1919 296 1998 τήσαντα
322 1925 353 1980 ἐκ
379 1926 431 1981 τοῦ
448 1919 592 1998 τρώματος
612 1919 719 1997 ἔθαψαν
738 1922 766 1978 οἱ
785 1920 856 1996 ἱρέες
875 1920 972 1997 λάθρη

124 2012 161 2069 30
171 2008 344 2086 Καμβύσεω·
376 2007 539 2085 Καμβύσης
557 2008 596 2077 δὲ,
617 2007 654 2070 ώς
672 2008 790 2088 λέγουσι
809 2007 972 2088 Αἱγύπτισι,

170 2095 268 2156 αὐτίκα
284 2097 330 2157 διά
347 2100 429 2158 τοῦτο
445 2096 478 2157 τό
496 2095 619 2172 ἀδίκημα
639 2094 734 2172 ε’μάνη,
751 2093 803 2156 ε’ών
822 2094 887 2155 οὐδὲ
900 2096 973 2174 πρό-

170 2210 250 2293 τερον
271 2184 418 2263 φρενήρης·
457 2184 503 2244 καὶ
522 2187 621 2260 πρώτα
639 2185 691 2261 μὲν
709 2187 764 2243 τῶν
784 2187 876 2243 κακῶν
897 2184 973 2262 ε’ξερ-

172 2272 279 2352 γάσατσ
305 2273 355 2332 τόν
378 2271 516 2349 ἀδελφεον
544 2270 720 2348 Σμέρδιν”
690 2297 772 2332 εοντα
793 2271 901 2348 πατρός
924 2274 973 2332 καὶ

170 2359 275 2437 μητρός
289 2364 341 2434 τῆς
356 2359 448 2435 αὐτῆς,
466 2359 515 2420 τόν
531 2358 711 2436 ἀπέπεμψ’
698 2384 726 2423 ες
744 2360 859 2436 Πέρσας
872 2359 973 2441 φθόνῳ

171 2447 203 2516 ἐξ
221 2438 409 2526 Αἰγύπτου,
393 2457 437 2506 οτι
455 2470 489 2506 το
516 2446 599 2516 τόξον
622 2451 725 2524 μοῦνος
744 2447 916 2524 Περσέων
898 2475 973 2509 οσον

170 2559 202 2592 τε
214 2537 261 2591 ε’πι
250 2533 327 2592 δύο
345 2533 539 2598 δακτύλους*
513 2560 615 2612 ειρυσε,
628 2533 661 2594 τό
677 2534 755 2613 παρά
770 2560 820 2594 του
807 2535 974 2601 Αἰθίοπος

170 2619 281 2698 ἤνεικαν
307 2624 334 2681 οἱ
354 2619 548 2702 Ἰχθυοφάγοι·
581 2627 637 2682 τῶν
658 2621 688 2682 δὲ
713 2621 810 2682 ἀλλων
835 2624 974 2699 Περσέων

172 2708 259 2779 οὐδεὶς
272 2707 330 2772 οἶός
346 2734 379 2770 τε
397 2709 515 2790 ἐγένετο.
558 2708 745 2789 ἀποιχομένου
758 2709 796 2770 ὦν
810 2715 839 2774 ἐς
853 2711 974 2786 Πέρσας

171 2801 222 2856 τοῦ
244 2798 386 2875 Σμέρδιος,
408 2797 474 2876 ὄψιν
491 2797 546 2856 εἶδε
563 2797 580 2856 0‘
598 2797 762 2874 Καμβύσης
783 2802 813 2858 έν
835 2801 873 2875 τῷ
893 2797 973 2878 ὕπνῳ

168 2883 288 2960 τοιήνδε·
329 2883 406 2952 ἔδοξέ
431 2887 459 2944 οἱ
485 2883 608 2964 ἄγγελον
634 2884 753 2944 ἐλθόντα
780 2890 810 2943 ε’κ
836 2887 974 2962 Περσέων

173 2969 331 3050 ἀγγέλλειν,
352 2970 388 3034 ώς
405 2975 435 3031 έν
455 2976 493 3048 τῷ
514 2970 602 3048 θρόνῳ
621 2975 661 3048 τῷ
678 2972 824 3051 βασιληὶῳ
845 2972 974 3049 ἱζόμενος

172 3057 297 3133 Σμέρδις,
310 3061 346 3134 τῇ
363 3061 475 3134 κεφαλῇ
494 3061 544 3115 τοῦ
561 3057 679 3132 ούρανοῦ
694 3058 822 3136 ψαύσειε·
848 3059 920 3136 πρός
933 3060 975 3121 ὧν

171 3146 267 3210 ταῦτα,
294 3143 388 3206 δείσας
414 3144 478 3220 περὶ
504 3146 605 3201 ἑωυτοῦ
629 3143 672 3220 μή
695 3170 745 3222 μιν
768 3146 933 3210 ἀποκτείνας
954 3147 973 3207 εἱ

172 3224 310 3301 ἀδελφεός
328 3227 410 3305 ἀρχῃ,
430 3229 534 3305 πέμπει
553 3230 730 3305 Πρηξάσπεα
746 3237 775 3298 ές
792 3234 918 3303 Πέρσας,
938 3231 974 3298 ὃς
