2150 3500
122 90 232 156 51-55]
414 93 642 156 ΜΒΛΠΟΜΕΝΗ.
875 97 921 146 301

122 170 194 231 κατά
210 169 324 252 γνάμας
339 172 390 237 τοὶς
400 173 551 250 Ιἡμετέρας,
566 172 626 234 οὔτι
641 177 746 251 μοῦνον
758 176 814 236 τῶν
827 175 925 240 Σκυθι·

122 262 177 317 κῶν
194 263 335 336 ποταμῶν,
350 259 428 319 άλλοὶ
449 263 496 319 καὶ
514 265 571 321 τῶν
586 259 682 321 ἄλλων
696 259 832 331 ἁπάντων,
848 261 925 339 πλήν

122 346 231 405 Νείλου
246 351 297 407 τοῦ
317 347 481 428 Αἰγυπτίου·
492 347 590 428 1τούτῳ
608 349 663 430 γάρ
681 348 731 408 οὐκ
752 348 798 408 οἶά
815 375 846 410 τε
861 355 922 410 ἔστι

121 435 298 509 συμβαλέειν
312 433 404 495 άλλον
423 435 560 513 ποταμόν·
582 440 638 498 τῶν
658 437 689 496 δὲ
708 440 816 498 λοιπῶν
837 443 924 516 Βορυ·

120 523 224 598 σθένης
237 522 300 582 ἐστὶ
311 523 566 599 πολυαρκέστατος,
581 523 612 588 ὃς
625 523 712 602 νομάς
724 551 755 586 τε
768 526 925 589 καλλίστας

120 609 168 668 καὶ
194 608 427 686 εὐκομιδεστάτας
454 611 569 687 κτήνεσι
590 613 750 691 παρέχεται,
774 611 870 693 ἰχθύας
892 638 924 673 τε

119 695 252 772 οἷρίστους
265 697 406 776 διακριδδν
419 700 465 757 καὶ
477 699 639 762 πλείστους·
658 700 792 760 πίνεσθαί
802 726 834 761 τε
843 700 923 776 ἥδισ-

118 784 167 848 τός
183 787 255 845 ε’στι·
275 787 332 864 ῥέει
347 812 379 849 τε
398 785 518 864 καθαρός
537 786 614 865 παρά
637 788 791 866 θολεροῖσι·
814 789 922 866 σπόρος

118 897 151 931 τε
170 872 236 950 παρ’
249 872 334 934 αὗτὸν
347 872 463 951 άριστος
479 875 594 956 γίνεται·
615 875 683 952 ποίη
696 901 735 947 τε,
749 880 785 954 τῇ
798 875 831 936 οὗ
844 879 922 938 σπεί-

116 985 196 1037 ρεται
215 960 236 1038 ή
254 962 341 1040 χάρη,
361 961 520 1038 βαθυτάτη·
545 961 612 1026 ἅλες
628 989 661 1023 τε
681 964 726 1023 ἐπὶ
746 969 785 1044 τῷ
800 965 922 1042 στόματι

117 1047 205 1109 αὐτοῦ
224 1049 378 1128 αὐτόματοι
397 1049 552 1131 πήγνυνται
572 1049 699 1111 άπλετοι·
721 1050 806 1128 κήτεά
825 1077 856 1112 τε
873 1079 920 1131 με·

115 1135 196 1216 γάλα
211 1136 362 1207 οἷνάκανθα,
375 1137 412 1198 τά
427 1137 592 1201 άντακαίους
610 1139 753 1210 καλέουσι,
769 1141 921 1220 παρέχεται

116 1228 147 1286 ές
158 1225 328 1304 ταρίχευσιν,
337 1224 416 1285 ἄλλα
427 1252 459 1286 τε
472 1225 569 1285 πολλοὶ
583 1226 730 1304 θωυμάσαι
742 1226 815 1296 άξια.
835 1229 920 1308 μέχρι

115 1312 170 1388 μέν
182 1338 230 1372 νυν
243 1314 349 1391 Γέρρου
361 1313 462 1393 χώρου,
477 1319 504 1376 ἐς
515 1313 565 1374 τόν
577 1313 785 1392 τεσσεράκοντα
797 1314 921 1393 ἡμερέων

115 1399 207 1463 πλόος
225 1403 295 1472 ἐστὶ,
308 1401 476 1483 γινώσκεται
492 1402 562 1480 ῥέων
576 1401 633 1463 άπδ
645 1403 739 1480 βορέω
752 1401 865 1480 άνέμου·
884 1403 919 1464 τό

115 1487 147 1547 δὲ
165 1489 320 1568 κατύπερθε
335 1488 369 1549 δι’
382 1487 421 1550 ῶν
432 1491 489 1568 ῥέει
503 1489 662 1569 ἀνθρώπων,
676 1491 764 1554 οὐδεὶς
778 1492 834 1571 ἔχει
848 1491 920 1570 φρά-

115 1601 178 1635 σαι·
204 1577 334 1654 φαίνεται
354 1578 385 1637 δὲ
403 1579 472 1656 ῥέων
492 1577 527 1637 δι’
546 1578 649 1656 έρήμου
670 1583 698 1642 ε’ς
718 1582 774 1640 τῶν
790 1583 919 1662 γεωργῶν

114 1663 244 1727 Σκυθέων
255 1665 308 1742 τήν
316 1664 420 1745 χώρην·
437 1663 514 1726 οὗτοι
526 1666 582 1749 γάρ
597 1670 623 1727 οἱ
636 1666 745 1732 Σκύθαι
757 1666 823 1745 παρ’
834 1667 918 1730 αὐτόν

115 1752 163 1819 ἐπὶ
176 1753 242 1813 δέκα
254 1754 378 1831 ἡμερέων
387 1754 479 1816 πλόον
488 1755 628 1833 νέμονται.
656 1756 761 1834 μούνου
774 1756 804 1816 δὲ
817 1757 917 1818 τούτου

113 1844 166 1900 τοῦ
178 1841 307 1920 ποταμοῦ
320 1842 367 1901 καὶ
380 1844 487 1903 Νείλου
500 1842 551 1903 οὐκ
565 1844 618 1923 έχω
629 1844 740 1922 φράσαι
751 1844 803 1909 τάς
814 1846 916 1927 πηγάς·

114 1928 201 1989 δοκέω
218 1931 256 2001 δὲ,
275 1930 338 1991 οὐδὲ
355 1930 444 2005 οὐδεὶς
462 1930 618 2007 Ἑλλήνων.
652 1930 743 2013 άγχοῦ
763 1943 794 1992 τε
814 1932 848 2009 δή
868 1936 916 1994 θα-

113 2016 229 2095 λάσσης
247 2018 263 2079 ό
281 2019 460 2097 Βορυσθένης
476 2020 546 2097 ῥέων
557 2020 672 2100 γίνεται,
687 2021 736 2079 καί
749 2022 775 2079 οἱ
791 2022 915 2097 συμμίσ-

112 2107 194 2187 Ιγεται
206 2106 222 2167 ὁ
232 2106 350 2171 Ὕπανις
363 2112 391 2170 ές
402 2104 491 2167 τῶυτὸ
503 2106 567 2169 ἕλος
578 2105 707 2170 ἐκδιδούς·
724 2105 757 2167 τό
769 2106 798 2165 δὲ
810 2108 915 2184 μεταξῦ

112 2197 170 2254 τῶν
181 2199 315 2273 ποταμῶν
327 2194 431 2256 τούτων
445 2193 491 2254 ἐόν
505 2195 632 2271 ἔμβολον
644 2198 695 2270 τῆς
706 2192 805 2273 χώρης,
820 2194 915 2255 Ἱππό·

112 2285 169 2341 λεω
180 2282 250 2361 ἄκρη
261 2284 400 2344 καλέεται·
414 2287 444 2343 έν
454 2282 484 2342 δὲ
494 2282 527 2342 τό
538 2280 598 2359 ἶρδν
608 2281 759 2360 Δήμητρος
769 2282 913 2360 ἐνίδρυται·

112 2370 202 2446 πέρην
227 2370 258 2430 δὲ
283 2374 334 2432 τοῦ
359 2373 421 2448 ἶροῶ
445 2369 491 2431 ἐπὶ
516 2373 555 2450 τῶ
575 2368 676 2430 Ὑπάνι
699 2370 914 2449 Βορυσθενεῗται

112 2458 302 2535 κατοίκηνται.
329 2461 419 2520 ταῦτα
437 2460 490 2536 μὲν
509 2457 547 2519 τοὶ
563 2456 619 2519 άπδ
635 2457 739 2521 τούτων
756 2462 811 2520 τῶν
828 2482 912 2518 ποτα-

111 2549 184 2623 μῶν.

154 2633 237 2695 Μετοὶ
263 2634 293 2695 δὲ
315 2634 430 2700 τούτους
455 2635 583 2713 πέμπτος
607 2634 735 2712 ποταμός
760 2634 850 2699 ἄλλος
876 2636 914 2715 τῷ
922 2636 960 2694 54

111 2720 219 2798 οὔνομα
238 2723 430 2801 Παντικάπης·
450 2724 507 2801 ῥέει
527 2724 558 2783 δὲ
578 2722 624 2781 καὶ
644 2721 726 2786 οὗτος
744 2721 800 2782 οἶπό
820 2722 913 2799 βορέω

110 2835 143 2869 τε
157 2810 204 2869 καὶ
220 2815 251 2869 ἐκ
267 2812 376 2888 λίμνης,
393 2812 439 2870 καὶ
458 2810 492 2871 τό
510 2810 615 2889 μεταξι)
631 2809 731 2869 τούτου
748 2835 779 2869 τε
797 2811 844 2868 καὶ
861 2812 911 2868 τοῦ

110 2899 303 2974 Βορυσθένεος
325 2900 456 2976 νέμονται
481 2902 508 2958 οἶ
527 2898 646 2981 γεωργοὶ
670 2896 785 2961 Σκύθαι·
813 2896 916 2956 ἐκδιδοῖ

110 2983 142 3043 δὲ
164 2991 192 3049 ές
211 2986 264 3062 τήν
283 2986 411 3063 Ὑλαίην·
431 2984 679 3065 παραμειψάμενος
700 2984 730 3043 δὲ
751 2983 862 3060 ταύτην,
875 2988 914 3064 τῷ

111 3074 283 3150 Βορυσθένεϊ
315 3076 518 3157 συμμίσγεται.
565 3072 667 3135 Ἕκτος
700 3072 731 3133 δὲ
763 3072 913 3150 Ὑπάκυρις
921 3074 960 3133 55

109 3160 247 3237 ποταμός·
268 3161 300 3225 ὃς
320 3162 441 3238 ὁρμᾶται
457 3165 510 3239 μὲν
528 3166 559 3222 ἐκ
580 3161 687 3238 λίμνης,
706 3160 751 3221 διά
771 3160 866 3239 μέσων
882 3160 913 3219 δὲ

109 3253 166 3307 τῶν
179 3248 305 3324 νομάδων
318 3248 447 3309 Σκυθέων
459 3249 536 3326 ῥέων,
550 3248 655 3307 ἐκδιδοῖ
666 3249 737 3309 κατά
750 3251 912 3329 Καρκινῖτιν
