2150 3500
114 156 259 224 ιιι-ιιι]
441 161 606 216 mmm.
633 178 636 186 ·
864 161 914 212 ιω

113 236 248 314 Πρωτεύς
259 236 277 299 ό
289 230 443 320 Αἰγύπτιος
452 239 593 317 βασιλεύς
607 240 674 320 ἔχει·
692 241 720 300 οἱ
732 239 763 300 δὶ
773 237 916 316 Ἕλληνες

113 327 329 405 καταγελᾶσθαι
345 326 486 390 δοκέοντες
502 326 549 386 ὕπ’
562 326 660 397 αύτῶν,
678 326 748 388 οὕτω
764 326 799 404 δὴ
817 331 912 388 ἐπολι-

111 409 214 488 όρκεον
224 417 251 476 ἐς
264 412 282 474 δ
295 414 411 484 ἐξεῖλον·
425 417 522 474 ἐλοῦσι
535 414 566 473 δέ
578 413 611 475 τό
620 417 713 493 τεῖχος
725 413 761 478 ὥς
774 414 823 475 οὐκ
834 416 912 491 ἐφαί-

111 522 178 559 νετο
193 499 213 575 ἦ
231 500 341 577 Ἑλένη,
355 501 433 561 ἀλλὰ
450 501 501 562 τόν
520 500 607 562 αὐτόν
626 501 714 582 λόγον
732 506 771 582 τῷ
787 503 912 584 προτέρῳ

111 586 310 660 ἐπυνθάνοντο,
333 588 404 649 οὕτω
430 588 465 664 δὴ
487 587 690 653 πιστεύσαντες
714 591 753 668 τῷ
775 587 852 671 λόγῳ
873 595 913 670 τῷ

110 671 214 755 προΐτω
231 679 260 736 οἱ
272 675 413 754 Ἕλληνες
429 675 514 737 αὐτόν
531 678 681 737 Μενέλεων
698 674 911 738 ἀποστέλλουσι

109 762 191 839 παρὰ
208 764 336 841 Πρωτέα.
368 763 552 841 Ἀπικόμενος
564 763 595 824 δέ
609 763 625 824 ό
641 764 787 828 Μενέλεως
800 769 828 828 ἐς
838 764 891 842 την
900 767 957 826 119

109 849 258 930 Αἴγυπτον
270 852 317 911 καὶ
332 850 504 916 ἀναπλώσας
517 856 546 916 ἐς
559 850 613 928 τήν
625 851 753 929 Μέμφιν,
767 851 845 916 εἶπας
858 852 912 929 τὴν

108 934 252 1016 άληθηΐην
264 942 320 1000 τῶν
331 939 511 1021 πρηγμάτων,
525 939 572 998 καὶ
588 940 693 1011 ξεινίων
705 937 810 1016 ἤντησε
824 938 911 1022 μεγάι

108 1027 171 1086 λων
191 1027 238 1087 καὶ
254 1025 373 1104 Ἑλένην
389 1027 499 1089 οἶπαθέα
518 1031 608 1089 κακῶν
625 1025 765 1104 άπέλαβε,
781 1026 852 1104 πρός
870 1028 909 1098 δέ,

108 1113 158 1172 καὶ
168 1113 205 1174 τά
215 1118 315 1176 ἐωυτοῦ
323 1115 456 1194 χρήματα
465 1114 566 1176 πάντα.
594 1113 686 1194 τυχόν
694 1115 791 1191 μέντοι
797 1114 910 1188 τούτων,

108 1202 222 1281 ἐγένετο
239 1205 386 1268 Μενέλεως
403 1202 474 1281 άνηρ
486 1203 581 1266 ἄδικος
599 1207 626 1266 ἐς
643 1201 820 1282 Αἰγυπτίους·
841 1201 910 1263 εἶπο-

107 1291 210 1351 πλέειν
223 1291 280 1373 γάρ
292 1291 455 1369 ὁρμημένον
471 1290 557 1352 αὐτόν
571 1291 656 1371 ’ίσχον
668 1287 795 1350 ἄπλοιαι·
815 1290 910 1368 ἐπειδὴ

108 1375 141 1436 δέ
153 1381 238 1439 τοῦτο
250 1380 297 1440 ἐπὶ
309 1379 421 1441 πολλόν
429 1381 542 1440 τοιοῦτο
550 1377 594 1455 ἦν,
604 1381 781 1458 ἐπιτεχνᾶται
792 1381 910 1460 πρῆγμα

107 1463 162 1525 ούκ
174 1466 265 1528 ὅσιον·
280 1468 381 1546 λαβών
389 1467 445 1550 γάρ
457 1467 507 1528 δύο
519 1467 617 1527 παιδία
630 1465 735 1544 ἀνδρῶν
747 1466 908 1546 ἐπιχωρίων,

107 1554 215 1632 ἔντομά
226 1563 306 1633 σφεα
321 1557 447 1634 ἐποίησε·
467 1556 540 1633 μετά
553 1556 591 1627 δέ,
605 1554 641 1620 ὥς
653 1553 787 1618 ἐπάίστος
800 1555 911 1636 ἐγένετο

106 1646 194 1704 τοῦτο
204 1646 383 1726 ἐργασμένος,
393 1644 524 1722 μισηθείς
535 1669 567 1705 τε
577 1644 623 1703 καὶ
632 1641 804 1720 διωκόμενος,
814 1643 908 1723 οἴχετο

109 1730 222 1813 φεύγων
233 1736 302 1813 τῇσι
317 1733 401 1811 νηυσὶ
415 1732 462 1794 ἐπὶ
474 1731 594 1811 Λιβύης·
614 1731 648 1793 τό
662 1731 786 1795 ἐνθεῦτεν
798 1730 829 1793 δὲ
841 1730 908 1793 ὅκου

109 1820 255 1897 ἐτράπετο,
270 1821 364 1882 ούκέτι
379 1821 456 1902 εἶχον
473 1812 561 1884 έῖπεῖν
576 1814 735 1903 Αἰγύπτιοι·
754 1819 860 1881 τούτων
876 1820 908 1881 δέ

107 1907 146 1968 τά
168 1910 220 1986 μὲν
236 1910 386 1992 ἱστορίῃσι
405 1911 517 1986 ἔφασαν
539 1910 719 1981 ἐπίστασθαι,
736 1908 773 1970 τά
792 1908 823 1969 δέ
841 1905 908 1987 παρ’

108 1997 238 2057 έωυτοῖσι
248 1998 384 2078 γενόμενα
397 1996 530 2075 ἀτρεκέως
543 1995 724 2074 ἐπιστάμενοι
737 1997 840 2077 λέγειν.

150 2089 246 2146 Ταῦτα
257 2088 309 2162 μέν
318 2085 477 2167 Αἰγυπτίων
490 2088 518 2144 οἶ
531 2086 602 2162 ἱρέες
615 2084 722 2165 ἐλεγον·
740 2082 794 2163 έγιδ
806 2084 837 2144 δέ
847 2086 887 2163 τῷ
896 2086 954 2147 120

108 2171 187 2255 λόγῳ
199 2176 238 2251 τῷ
250 2174 314 2251 περὶ
325 2173 442 2250 Ἑλένης
457 2172 588 2252 λεχθέντι
604 2171 650 2231 καὶ
662 2168 746 2235 αύτδς
757 2172 906 2247 προστίθε-

108 2287 168 2339 μαι,
181 2261 248 2321 τάδε
263 2260 469 2342 ἐπιλεγόμενος·
489 2264 515 2320 εἰ
529 2258 564 2336 ἦν
580 2256 682 2335 Ἑλένη
695 2262 725 2318 ἐν
739 2255 824 2339 Ἰλίιρ,
837 2256 905 2319 οἷπο·

108 2348 226 2425 δοθῆναι
242 2346 276 2410 ἂν
289 2348 377 2426 αύτὴν
388 2352 466 2409 τοῖσι
479 2346 617 2425 Ἕλλησι,
631 2345 694 2423 ἤτοι
714 2344 824 2411 ἑκόντος
837 2372 872 2429 γε
885 2345 905 2424 ἢ

108 2434 224 2501 ἄκοντος
235 2435 432 2516 Ἀλεξάνδρου·
450 2433 484 2498 ού
496 2434 553 2518 γάρ
566 2435 601 2513 δὴ
614 2434 685 2497 οὕτω
696 2459 731 2516 γε
744 2436 905 2511 φρενοβλα-

107 2525 166 2601 βῆς
177 2523 212 2601 ἥν
225 2525 242 2586 ό
255 2525 392 2603 Πρίαμος,
406 2522 470 2585 οὐδὲ
482 2527 509 2584 οἶ
522 2523 609 2584 ἄλλοι
621 2522 811 2602 προσήκοντες
823 2522 904 2605 αύτῷ,

109 2611 182 2673 ὥστε
198 2616 275 2673 τοῖσι
296 2612 465 2691 σφετέροισι
485 2611 601 2689 σύμασι
621 2611 668 2671 καὶ
684 2614 761 2673 τοῖσι
781 2610 904 2673 τέκνοισι

108 2700 154 2759 καὶ
166 2700 279 2779 πῇπόλι
292 2700 455 2762 κινδυνεύειν
467 2699 631 2778 ἐβούλοντο,
641 2698 710 2763 ὅκως
721 2692 905 2775 Ἀλέξανδρος
980 2716 990 2745 ’

106 2787 209 2868 Ἑλένῃ
229 2791 369 2870 συνοικέῃ·
392 2793 417 2849 εἶ
437 2788 533 2850 δέπαι
554 2787 601 2847 καὶ
621 2792 651 2848 ἐν
670 2790 748 2847 τοῖσι
767 2784 905 2862 πρύτοισι

106 2876 237 2957 χρόνοισι
258 2881 348 2939 ταῦτα
370 2877 530 2960 ἐγίνωσκον,
555 2874 616 2935 ἐπεὶ
641 2874 747 2935 πολλοὶ
772 2874 824 2950 μὲν
849 2876 904 2933 τύν

107 2962 203 3027 άλλων
228 2966 330 3045 Τρώων
354 2964 436 3027 όκότε
462 2964 653 3045 συμμίσγοιεν
676 2963 754 3022 τοῖσι
774 2960 903 3036 Ἕλλησι

107 3051 284 3125 άπάλλυιτο,
298 3052 383 3114 αύτοῢ
396 3053 435 3113 δὲ’
446 3051 580 3129 Πριάμου
598 3048 648 3110 οὐκ
665 3049 727 3109 ἐστι
743 3047 790 3109 ὅτε
807 3045 841 3107 ού
853 3046 903 3107 δύο

107 3138 211 3219 ἣτριῖς
222 3140 242 3219 ἣ
255 3141 302 3201 καὶ
315 3143 355 3201 ἔτι
370 3140 485 3204 πλείους
499 3141 555 3201 τόν
570 3137 675 3197 παῶων
687 3134 781 3214 μάχης
791 3134 902 3216 γινομέ-

106 3252 156 3305 νης
172 3227 359 3306 ἀπέθνησκον,
375 3227 413 3308 (εἰ
428 3225 486 3306 χρή
501 3249 530 3285 τι
546 3228 624 3286 τοῖσι
641 3226 801 3284 ἐποποιοῖσι
818 3220 904 3301 χρεώ-

108 3338 191 3389 μενον
213 3315 328 3398 λέγειν,)
348 3315 454 3375 τούτων
475 3312 507 3372 δδ
526 3309 660 3373 τοιούτων
682 3308 903 3389 συμβαινόντων,
