2150 3500
105 119 249 185 ιιι-ιιι]
456 123 567 173 mmo.
876 127 909 180 τι

102 225 162 260 σαν
171 200 201 260 δὲ
209 198 325 276 ούδαμοὶ
334 204 496 280 μετασχεῖν,
504 199 549 261 ὅτι
557 200 598 283 μῆ
608 204 769 280 Σμυρναῖοι.
794 204 888 265 Κατά-
899 208 956 267 144

102 313 159 365 περ
173 291 201 347 οῖ
213 293 244 346 εἰ(
256 292 307 363 τῆς
320 288 515 351 Πενταπόλιος
531 292 581 348 νῦν
592 288 685 368 χιόρης
701 292 828 368 Δωριέες,
841 292 912 370 πρό-

102 401 186 453 τερον
206 375 237 435 δὲ
255 374 423 446 Ἐξατόλιος
441 379 492 453 τῆς
512 375 597 451 αὐτῆς
612 376 715 454 ταύτης
730 381 908 457 καλεομένης,

104 463 308 540 φυλάσσονται
325 463 362 525 ὦν
374 463 520 541 μηδαμούς
539 464 710 534 ἐσδέξασθαι
726 470 781 526 τῶν
793 470 909 544 προσοί·

103 577 161 612 κων
180 553 308 629 Δωριέων
320 556 348 614 ἐς
360 551 394 612 τδ
407 549 557 629 Τριοπικδν
571 551 641 629 ῖρόν·
662 551 739 612 άλλοῖ
753 555 799 613 καὶ
812 556 910 632 σφέων

104 638 197 700 αύτοῖν
206 639 271 703 τούς
282 638 347 717 περὶ
359 639 392 700 τδ
406 639 465 716 ῖρδν
475 638 672 716 ἀνομήσαντας
685 641 851 718 ἕξεκλήϊσαν
858 648 909 720 τῆς

103 731 238 806 μετοχῆς.
267 727 358 808 ε’νγαῖρ
370 731 409 806 τῷ
421 725 507 808 άγιῖνι
519 731 570 786 τοῦ
582 728 715 804 Τριοπίου
727 727 909 797 ’Λπόλλωνος

105 815 236 875 ἐτίθεσαν
248 813 282 875 τδ
301 814 392 874 τάλαι
406 815 540 922 τρίποδας
555 815 694 894 χαλκέους
707 820 785 877 τοῖσι
801 823 908 880 νικῶσι·

104 902 154 961 καὶ
169 901 283 966 τούτους
298 905 392 982 χρῆν
382 901 448 965 τούς
463 901 691 978 λαμβάνοντας’
678 930 709 963 εκ
720 909 772 965 τοῦ
788 908 849 982 ῖροῦ
867 907 908 984 μῆ

106 989 243 1068 ἐκφέρειν,
260 988 326 1050 ἀλλ’
344 988 430 1050 αύτου
416 989 608 1050 ἀνατιθέναι
627 1017 666 1070 τω
652 991 801 1070 θεῷ.
782 993 852 1103 ανῆρ
873 994 910 1056 ὦν

104 1076 402 1156 Ἁλικαρνησσεύς,
364 1103 403 1138 τω
416 1075 522 1154 οὔνομα
534 1075 569 1153 ἦν
576 1050 774 1159 Ἀγασικλέης,
783 1081 908 1156 νικήσας,

104 1164 157 1226 τδν
169 1165 255 1243 νόμον
268 1164 456 1248 κατηλόγησε·
479 1166 572 1243 φέρων
584 1165 615 1224 δὲ
626 1166 697 1245 πρὸς
708 1193 745 1227 τα
758 1171 859 1230 εωυτοῦ
872 1174 910 1230 οί·

107 1254 155 1313 κία
168 1253 447 1332 προσεπασσάλευσε
458 1252 509 1313 τόν
521 1252 649 1330 τρίποδα.
683 1252 730 1312 διαὶ
742 1255 846 1332 ταύτην
857 1257 910 1332 τῆν

106 1341 198 1417 αἰτίην
214 1345 243 1401 αῖ
259 1343 341 1402 πέντε
356 1339 463 1410 πόλιες,
476 1339 577 1403 Λίνδος
593 1341 640 1424 καὶ
654 1339 807 1416 Ἰήλυσσός
818 1345 910 1404 τεκαὶ

106 1427 250 1507 Κάμειρος
273 1430 319 1489 καὶ
342 1431 406 1494 Κῶς
423 1453 455 1489 τε
476 1428 523 1488 καὶ
543 1427 653 1498 Κνίδος,
672 1428 838 1505 ε’ξεκλήῐσαν
858 1435 910 1506 τῆς

105 1520 230 1596 μετοχῆς
246 1516 298 1595 τῆν
317 1515 496 1593 ἔκτην“πόλιν
512 1514 749 1594 Ἁλικαρνησσόν.
783 1517 909 1580 τούτοισι

105 1606 160 1682 μέν
173 1631 221 1666 νυν
236 1603 314 1666 οὗτοι
331 1604 435 1682 ταύτην
449 1603 502 1681 τῆν
517 1603 617 1682 ζημίην
636 1605 783 1681 ε’πέθηκανι
812 1607 888 1666 Δυιό
899 1609 956 1673 145

106 1692 175 1753 δεκα
194 1693 227 1755 δέ
243 1719 293 1771 μοι
313 1692 443 1754 δοκέουσι
461 1691 565 1756 πόλιας
579 1691 757 1770 ποιήσασθαι
775 1697 803 1756 οἱ
817 1694 911 1762 Ἴωνες

105 1782 155 1841 καὶ
170 1780 220 1842 ούκ
240 1782 377 1858 ἐθελῆσαι
396 1784 518 1845 πλεῦνας
535 1780 705 1851 ἐσδέξασθαι
717 1783 798 1843 τοῦδε
812 1784 909 1856 εἵνεκα,

105 1868 152 1930 ὅτι
164 1870 211 1930 καὶ
220 1868 267 1931 ὅτε
280 1874 309 1931 έν
321 1868 533 1949 Πελοποννήσῳ
542 1870 633 1930 οἴκεον
642 1870 763 1930 δυόδεκα
774 1870 811 1947 ἦν
820 1872 910 1933 αύτιῖν

104 1958 204 2035 μέρεα·
225 1957 348 2035 κατάπερ
361 1956 541 2036 νῦνἈχαιοῖν
549 1960 604 2017 τοῖν
613 1957 805 2027 ἐξελασάντων
811 1959 911 2025 Ἴωνας

105 2044 229 2106 δυώδεκά
247 2050 309 2107 ε’στι
324 2046 420 2123 μέρεα.
454 2043 592 2120 Πελλήνη
606 2046 660 2122 μέν
675 2071 711 2127 γε
725 2046 821 2123 πρώτη
840 2048 912 2125 πρὸς

106 2134 255 2199 Σικυῶνος·
270 2132 342 2211 μετιῖ
355 2134 393 2202 δὲ,
407 2132 524 2213 Αἴγειρα
536 2133 583 2191 καὶ
597 2133 691 2213 Αἰγαί·
705 2135 790 2213 (ε’ντῆ
801 2136 910 2211 Κρᾶθις

105 2221 235 2299 ποταμός
247 2221 360 2285 άένναός
373 2226 443 2291 ε’στι,
457 2219 514 2281 «ind
528 2223 580 2281 τοῦ
592 2219 609 2281 6
622 2224 652 2279 ἐν
663 2219 771 2301 Ἰταλίη
784 2221 912 2299 ποταμός

105 2310 140 2372 τδ
155 2308 260 2388 ούνομα
273 2310 362 2391 ἔσχε)
376 2310 423 2369 καὶ
435 2312 530 2386 Βοῦρα
543 2308 590 2368 καὶ
598 2308 708 2384 Ἑλίκη·
722 2309 762 2388 (ἐς
771 2309 823 2385 τῆν
833 2312 911 2371 κατέ-

106 2404 202 2480 φυγον
217 2397 310 2463 Ἴωνες
330 2397 385 2459 ύπδ
406 2398 528 2476 Ἀχαιῶν
548 2395 627 2476 μάχη
650 2398 842 2479 ἑσσωθέντες)
863 2398 910 2460 καὶ

106 2488 216 2568 Αἴγιον,
239 2487 286 2547 καὶ
307 2485 414 2555 Ρύπες,
438 2487 484 2545 καὶ
506 2485 640 2562 Πατρέες,
662 2486 709 2545 καὶ
728 2486 841 2563 Φαρέες,
863 2488 910 2547 καὶ

102 2572 232 2639 Ὤλενος·
259 2574 301 2653 (ἓν
320 2578 359 2653 τῷ
378 2577 482 2652 Πεῖρος
501 2599 628 2652 ποταμος
647 2574 736 2655 μέγας
759 2575 843 2655 ἐστι)
865 2576 912 2634 καὶ

64 2692 68 2698 ’
108 2661 193 2741 Δύμη
208 2688 254 2723 και
242 2662 414 2741 Τριταιέες·
436 2662 463 2722 οῖ
475 2666 575 2739 μοῦνοι
591 2661 696 2723 τούτων
707 2661 858 2743 μεσόγαιοι
871 2665 907 2722 οἰ-

108 2751 215 2811 κέουσι.
248 2754 343 2811 Ταῦτα
366 2749 544 2811 δυόδεκα’
505 2774 592 2827 μερεα
611 2754 661 2810 νῦν
678 2749 834 2829 Αχαιων’
820 2775 890 2820 εστι,
872 2749 958 2810 146

108 2840 156 2899 καὶ
168 2837 234 2916 τότε
245 2862 279 2920 γε
291 2836 389 2900 Ἰάνων
400 2837 445 2915 ἦν·
464 2838 569 2899 τούτων
578 2837 613 2913 δή
627 2838 718 2898 εἵνεκα
730 2838 777 2897 καὶ
789 2836 912 2900 οῖ’Ίωνες

108 2925 232 2987 δυόδεκα
249 2925 352 2990 πόλιας
368 2925 548 3003 ἐποιήσαντο·
571 2927 638 2998 ἐπεὶ,
657 2924 693 2989 ὥς
711 2949 745 3006 γε
757 2950 786 2983 τι
797 2927 912 3000 μᾶλλον

108 3010 188 3074 οὗτοι
203 3012 297 3077 Ἴωνές
317 3018 374 3074 είσι
396 3017 451 3074 τοῖν
471 3012 569 3075 ι’ίλλων
584 3012 684 3073 Ἰάνων
704 3011 723 3087 ἢ
747 3010 866 3071 κάλλιόν
882 3036 911 3071 τι

108 3100 252 3182 γεγόνασι,
265 3101 355 3179 μωρίη
368 3100 465 3177 πολλή
478 3101 581 3182 λέγειν·
600 3104 657 3161 τοῖν
663 3099 805 3177 Ἄβαντες
815 3101 869 3176 μὲν
881 3098 914 3169 ἐξ

108 3187 236 3265 Εὐβοίης
249 3190 304 3248 εἰσὶ
318 3188 367 3248 οὐκ
381 3188 520 3267 ε’λαχίστη
532 3190 627 3265 μοῖρα,
635 3190 712 3246 τοῖσι
724 3184 827 3261 Ἰωνίης
839 3186 912 3262 μέτα

110 3274 246 3400 ούδῖητοῦ
269 3274 422 3353 οὐνόματος
441 3275 529 3338 οὐδέν·
557 3272 662 3336 Μινύαι
681 3274 712 3335 δὲ
730 3272 910 3352 Ὀρχομένιοι
