2150 3500
82 139 195 214 ιιι-ιι]
275 118 284 142 ⁴
369 144 598 198 υοκυουυυυ.
831 149 880 200 ιιι

81 219 215 300 ὀργυιέων
243 222 376 303 γίνονται·
406 229 437 284 ε’κ
463 225 494 286 δὲ
511 229 577 301 ,τῶν
600 224 740 307 Ιὀργυιέων
764 225 881 289 τουτέων

82 307 195 368 στάδιοι
218 309 316 370 ἕκατόν
339 311 386 370 καὶ
408 313 498 390 χίλιοι
520 313 567 372 καὶ
589 313 686 391 μύριοί
704 317 769 374 εἰσι.
803 319 831 378 ές
852 314 881 376 δὲ

81 395 261 472 Θεμισκύρην
285 396 338 472 τήν
364 399 411 458 ε’πὶ
436 399 611 477 Θερμώδοντι
636 406 753 480 ποταμῷ
779 407 809 462 ἔκ
831 405 882 478 τῆς

82 482 322 558 Σινδικῆς-κατά
334 489 417 546 τοῦτο
430 486 486 568 γάρ
503 491 566 548 ε’στι
581 491 632 548 τοῦ
648 488 759 548 Πόντου
773 489 881 567 εῦρύτα-
904 528 906 530 -

81 574 255 648 τον-τριιῦν
265 597 297 632 τε
308 571 433 652 ήμερέων
445 575 492 634 καὶ
504 574 554 634 δύο
566 579 670 636 νυκτιῦν
682 576 780 640 πλόος·
800 575 881 638 οῦτοι

82 657 115 717 δὲ
132 662 206 734 τρεῖς
224 659 354 738 μυριάδες
373 663 420 722 καὶ
438 662 587 740 τριήκοντα
603 663 734 746 ὀργυιέων
748 665 880 747 γίνονται,

81 744 194 806 στάδιοι
216 745 248 806 δὲ
269 747 426 826 τριηκόσιοι
448 751 496 809 καὶ
517 751 681 830 τρισχίλιοι.
722 751 739 814 ὀ
760 753 812 829 μέν
833 779 881 814 νυν

83 831 194 898 Πόντος
215 831 295 900 οὗτος
314 836 361 895 καὶ
380 835 530 915 Βόσπορός
548 863 580 898 τε
600 839 647 897 καὶ
668 838 881 915 Ἑλλήσποντος

81 919 155 981 οῦτω
179 923 215 983 τέ
239 947 290 999 μοι
315 925 507 1002 μεμετρέαται,
529 925 576 985 καὶ
602 925 673 986 κατά
695 925 730 986 τοὶ
754 927 881 1004 εἰρημένα

81 1007 253 1089 πεφύκασι.)
290 1013 443 1092 παρέχεται
468 1011 499 1072 δὲ
529 1012 576 1072 καὶ
601 1013 746 1091 λίμνηνό
772 1014 881 1080 Πόντος

81 1093 164 1162 οῦτος
182 1097 346 1159 ἐκδιδοῦσαν
364 1104 393 1165 ἐς
408 1098 516 1169 ἑωυτόν,
531 1098 565 1160 οὔ
583 1103 683 1180 πολλῷ
698 1103 750 1181 τέῳ
766 1101 881 1162 ἐλάσσω

82 1186 193 1257 ἑωυτοῦ,
218 1183 239 1262 ἢ
265 1187 387 1262 Μαιῆτίς
417 1211 451 1248 τε
484 1188 614 1249 καλέεται
640 1189 686 1248 καὶ
711 1189 803 1268 μήτηρ
828 1193 880 1250 τοῦ

81 1264 204 1327 Πόντου.

123 1351 158 1413 ‘0
178 1355 209 1416 δὲ
231 1361 350 1435 Δαρεῖος
369 1355 406 1421 ῦς
425 1355 568 1433 ε’θηήσατο
586 1354 637 1417 τόν
656 1353 775 1428 Πόντον,
797 1357 880 1418 ἔπλεε
888 1359 925 1420 87

80 1437 176 1502 ὀπίσω
188 1444 235 1504 ε’πὶ
246 1444 299 1521 τήν
310 1447 437 1527 γέφυραν
444 1448 496 1520 τῆς
505 1443 673 1524 ἀρχιτέκτων
682 1443 791 1524 ἐγένετο
800 1449 878 1507 Μαν-

80 1526 217 1608 δροκλέης
230 1532 345 1609 Σάμιος·
366 1531 543 1609 θηησάμενος
556 1532 586 1590 δὲ
599 1531 645 1591 καὶ
656 1529 706 1592 τόν
721 1529 879 1610 Βόσπορον,

80 1616 193 1691 στήλας
208 1619 313 1697 ἔστησε
327 1618 377 1680 δύο
395 1619 437 1680 ἐπ’
451 1618 524 1699 αὐτῷ
539 1619 621 1680 λίθου
634 1621 744 1688 λευκοῦ,
758 1620 880 1698 ἒνταμιόν

79 1703 234 1784 γράμματα
247 1712 275 1772 ές
290 1709 343 1785 μὲν
353 1705 407 1785 τήν
418 1706 560 1784 Ἀσσύρια
572 1711 599 1771 ές
612 1705 642 1767 δὲ
653 1705 705 1785 τήν
716 1705 879 1785 Ἑλληνικά,

80 1793 163 1853 ἔθνεα
179 1794 272 1856 πάντα
289 1795 398 1873 ὅσαπερ
418 1794 480 1877 ἦγε·
499 1794 553 1876 ήγε
570 1794 602 1855 δὲ
620 1793 713 1857 πάντα
729 1797 785 1855 τῦν
799 1794 879 1877 ἦρχε·

79 1879 187 1943 τούτων
198 1882 328 1961 μυριάδες
341 1880 669 1961 ε’ξηριθμήθησαν,.χωρὶς
680 1884 731 1943 τοῦ
742 1888 879 1957 ναυτικοῦ,

24 1980 29 1988 “
82 1968 277 2047 ἐβδομήκοντα
295 1971 351 2032 σῦν
368 1974 494 2031 ἱππεῦσι·
522 1971 581 2032 νέες
601 1969 631 2027 δὲ
650 1968 792 2039 ἑξακόσιαι
814 1992 880 2032 συν-

81 2057 252 2136 ελέχθησαν.
270 2061 339 2139 τῇσι
351 2059 404 2136 μέν
413 2083 462 2119 νυν
471 2056 598 2135 στήλῃσι
606 2054 725 2135 ταύτῃσι
734 2055 881 2127 Βυζάντιοι

80 2147 248 2222 κομίσαντες
265 2151 293 2210 ἔς
311 2146 365 2223 τήν
373 2145 461 2207 ,πόλιν
473 2144 592 2222 ὕστερον
604 2143 708 2204 τούτων
721 2142 880 2222 ἐχρήσαντο

80 2232 153 2310 πρός
168 2234 220 2295 τόν
238 2233 339 2312 βωμόν
360 2239 411 2310 τῆς
430 2232 588 2310 Ὀρθωσίης
606 2229 776 2309 Ἀρτέμιδος,
796 2233 880 2311 χωρὶς

80 2319 142 2384 ένός
155 2322 246 2383 λίθου·
263 2319 345 2387 οὗτος
357 2321 388 2382 δὲ
400 2320 572 2396 κατελείφθη
585 2318 662 2396 παραὶ
674 2321 725 2379 τοῦ
737 2317 879 2381 Διονύσου

79 2407 131 2469 τόν
141 2408 209 2484 νηόν
221 2413 250 2469 έν
263 2409 412 2489 Βυζαντίῳ,
424 2406 595 2491 γραμμάτων
610 2404 770 2483 Ἀσσυρίων
782 2408 878 2472 πλέος.

79 2499 133 2557 τοῦ
158 2497 190 2556 δὲ
218 2496 371 2574 Βοσπόρου
396 2495 413 2556 ό
443 2499 534 2575 χῶρος
555 2494 606 2555 τόν
627 2494 717 2567 ἔζευξε
739 2494 879 2571 βασιλεῦς

80 2586 209 2661 Δαρεῖος,
223 2583 259 2649 οἷς
270 2585 333 2663 ἐμοὶ
346 2583 450 2644 δοκέειν
463 2582 702 2663 συμβαλλομένῳ,
714 2582 804 2660 μέσον
815 2583 878 2645 ε’στὶ

80 2672 234 2743 Βυζαντίου
244 2697 276 2732 τε
289 2672 398 2733 καὶτοῦ
410 2671 456 2731 έπὶ
468 2669 591 2747 στόματι
604 2672 671 2747 ἱροῦ.
915 2664 919 2675 ’

122 2762 241 2836 Δαρεῖος
266 2759 297 2819 δὲ
318 2758 391 2837 μετό
411 2761 508 2830 ταῦτα,
525 2756 625 2834 ἡσθεὶς
642 2760 679 2836 τῇ
701 2758 810 2837 σχεδίῃ,
828 2756 879 2819 τόν
886 2760 925 2819 88

79 2846 263 2927 ὀρχιτέκτονα
283 2846 369 2923 αὐτῆς
384 2845 572 2924 Μανδροκλέα
590 2843 640 2905 τόν
653 2843 760 2922 Σάμιον
779 2844 878 2923 ἐδωρή-

79 2956 155 2995 σατο
174 2938 248 2996 πᾶσι
267 2934 342 2995 δέκα·
362 2932 410 2994 ἐπ’
424 2932 461 2995 ὧν
478 2932 728 3011 δήΜανδρακλέης
747 2931 878 3011 άπαρχήν

80 3024 139 3095 ζιῦα
156 3021 336 3104 γραψάμενος
354 3024 451 3082 πᾶσαν
469 3020 522 3097 τήν
542 3020 632 3092 ζεῦξιν
646 3023 696 3081 τοῦ
716 3018 878 3097 Βοσπόρου,

80 3111 128 3169 καὶ
140 3110 268 3187 βασιλέα
279 3134 311 3169 τε
322 3112 444 3186 Δαρεῖον
461 3113 491 3167 ε’ν
503 3107 635 3185 προεδρίη
654 3106 816 3185 κατήμενον,
830 3107 877 3165 καὶ

80 3197 132 3258 τόν
149 3194 272 3275 στρατόν
290 3195 374 3256 αότοῦ
392 3195 580 3272 διαβαίνοντα,
595 3198 685 3256 ταῦτα
701 3192 880 3276 γραψάμενος

79 3284 199 3361 ὀνέθηκε
211 3288 240 3346 ές
251 3283 422 3352 τόἭααιον,
435 3282 591 3364 ἐπιγράψας
603 3281 678 3344 τάδε·
