2150 3500
100 113 243 178 ιον-ιιι]
447 116 562 167 mm.
868 118 899 166 οι

98 193 170 252 σθαι
181 192 288 271 ἡμέρην
299 195 376 271 μίαν,
389 195 436 255 καὶ
448 196 542 254 ἔπειτα
554 195 777 274 ὑποκρινέεσθαι·
796 201 826 257 έν
838 194 859 277 ᾧ
871 197 902 257 δέ

98 279 288 390 βουλεύονται
297 281 391 390 ον’τρὶ,
408 282 565 364 ἀπαγαγεῖν
583 287 686 343 ἐκεῖνον
707 285 834 345 ε’κέλευον
848 285 900 361 τὴν

99 367 236 446 στρατιὴν
248 367 306 429 ἀπό
318 373 368 430 τοῦ
381 369 512 450 τείχεος)θ
546 397 562 429 ο
555 369 619 430 ι”’δ
620 377 753 452 Αρπαγος
767 372 821 448 ἔφη
839 376 890 408 “’
866 397 901 434 ει·

97 455 177 517 δέναι
187 455 282 533 μὲν
253 483 282 516 ευ
295 483 332 517 τα
322 456 442 518 ε’κεῖνοι
454 459 589 534 μέλλοιεν
601 459 713 531 ποιέειν,
722 457 795 536 ὅμως
805 460 836 519 δέ
820 466 902 554 σφι

97 545 229 655 παριέναι
245 543 486 621 βουλεύσασθαι.”
520 549 550 604 έν
565 543 587 624 ᾧ
603 545 640 607 ὦν
656 545 672 608 ό
682 534 862 629 Αρπαγοέ’
844 547 901 609 απά

97 635 150 692 τού
169 634 276 712 τείχεος
293 631 424 715 ἀπήγαγε
441 658 494 709 την
513 632 658 710 στρατιήν,
676 637 704 694 αἱ
723 636 885 699 Φωκαιέες’
872 662 902 697 εν

97 720 189 801 τούτῳ
201 719 433 795 κατασπάσαντες
444 721 495 784 ταὶς
506 722 742 801 τεντεκοντέρους,
756 724 902 800 εἀθέμεηοι

97 804 183 869 τέκνα
202 810 249 870 καὶ
266 814 399 891 γυναῖκας
418 809 465 870 καὶ
482 810 588 870 ἔπιπλα
604 810 704 923 πάντα,
721 811 792 889 πρός
808 812 839 872 δὲ
855 813 901 872 καὶ

95 897 136 957 ταὶ
155 897 358 980 ἀγάλματα
323 924 359 959 τα
377 903 408 958 έκ
422 896 478 960 τάν
493 901 567 1010 ἱρῶν,
586 899 633 959 καὶ
647 925 684 960 πα
674 898 778 958 ἀλλα
798 898 900 976 ἀναθή-

96 1009 186 1060 ματα,
198 987 283 1066 χωρὶς
298 985 315 1045 ὅ
329 1011 358 1046 τι
374 984 511 1066 χαλκός
493 1012 513 1062 η
525 984 636 1050 λίθος
618 1013 637 1062 η
648 986 783 1067 γραφή·’
764 1012 808 1063 ην,
820 1014 857 1048 πα
847 987 900 1048 δὲ

97 1070 233 1132 ἀλλα
192 1099 285 1133 ταντα
297 1074 482 1138 ἐσθέντες
437 1099 484 1133 και
497 1073 577 1133 αύτοι
565 1074 728 1151 ἐσβάντες
741 1077 867 1135 έπλεον’
854 1075 900 1136 επὶ

96 1160 182 1219 Χίου·
201 1159 254 1237 τὴν
266 1161 296 1221 δὲ
309 1162 437 1238 Φωκαίην
449 1161 640 1238 ἐρημωθεῖσαν
654 1161 787 1234 ἀνδρῶν”
773 1188 859 1242 εσχον
874 1166 900 1224 οί

97 1248 233 1325 Πέρσαι,
256 1252 293 1308 Οἱ
306 1249 335 1309 δὲ
347 1250 491 1318 Φωκαιέες,
505 1248 568 1308 ε’πεί
578 1273 609 1310 τε
623 1255 679 1325 σφι
691 1250 761 1321 ΧίοιΙ
770 1248 820 1313 τάς
833 1248 879 1327 νύ
884 1252 947 1326 ,165

96 1361 169 1400 σους
179 1335 231 1401 τοὶς
244 1337 405 1402 Οἰνούσσας
417 1337 588 1414 καλεομένας
596 1335 645 1397 ούκ
656 1336 810 1413 ἐβούλοντο
822 1336 900 1399 ὠνεο-

95 1425 211 1501 μένοισι
225 1426 356 1500 πωλέειν,
377 1425 561 1502 δειμαίνοντες
580 1423 620 1501 μη
641 1427 671 1484 αἱ
691 1427 744 1502 μέν
768 1423 901 1503 ἐμπόριον

95 1511 258 1594 γένωνταιή
269 1513 299 1573 δὲ
309 1512 399 1573 αύτιύν
407 1515 495 1588 νῆσος
501 1511 683 1592 ἀπακληῖσθῇ
693 1511 793 1572 τούτου
802 1512 899 1586 εἵνεκα,

95 1600 170 1678 πρός
188 1606 276 1662 ταῦτα
295 1605 323 1662 οἱ
339 1601 475 1664 Φωκαιέες
492 1601 663 1662 ἐστέλλοντο
677 1606 705 1666 ε’ς
718 1598 838 1678 Κύρνον·
858 1602 901 1683 (ἒν

95 1688 153 1771 γάρ
171 1693 208 1769 τῇ
223 1688 323 1771 Κύρνιρ
335 1690 425 1751 ε’ίκοσι
443 1688 518 1751 ἔτεσι
529 1687 666 1768 πρότερον
678 1688 782 1752 τούτων
796 1693 827 1749 ἐκ
840 1690 899 1751 θεα-

94 1779 219 1856 πραπίου
231 1778 426 1855 ἀνεστήσαντο
441 1777 534 1849 πόλιν,
548 1782 585 1857 τῇ
604 1777 709 1855 οὕνομα
721 1777 756 1855 ἦν
767 1776 900 1855 Ἀλαλίη·

95 1865 300 1949 Ἀργανθώνιος
312 1867 342 1927 δὲ
350 1870 504 1943 πρικαῦτο
515 1865 570 1943 ἤδη
582 1865 802 1947 τετελευτήκεε)
815 1869 899 1927 στελ-

93 1954 213 2032 λόμενοι
230 1956 260 2015 δὶ
274 1955 322 2016 ε’πὶ
337 1954 391 2031 τὴν
406 1954 526 2031 Κύρνον,
543 1957 640 2031 πρῶτα
656 1952 899 2018 καταπλεύσαντες

95 2047 126 2106 ές
150 2043 202 2121 τὴν
226 2044 354 2120 Φωκαίην
377 2041 587 2118 κατεφόνευσαν
608 2045 664 2102 τῶν
689 2039 824 2117 Περσέων
847 2040 900 2117 την

94 2131 236 2209 φυλοκῆν,
252 2130 271 2208 ἢ
286 2130 421 2208 ἐφρούρεε
435 2129 646 2208 παραδεξαμένη
664 2127 741 2205 παραὶ
755 2126 900 2209 Ἀρπόγου

93 2218 148 2295 τὴν
159 2219 254 2281 πόλιν·
274 2218 346 2296 μετά
363 2218 402 2289 δὲ,
417 2216 452 2281 ἀς
463 2215 548 2278 τοῦτό
561 2222 618 2292 σφι
630 2215 792 2296 ἐξέργαστο,
807 2214 899 2291 ἐποιή-

95 2332 185 2368 σαντο
211 2306 330 2388 ίσχυράς
355 2305 478 2384 κατάρας
500 2308 540 2384 τῷ
562 2302 772 2383 ἀπολειπομένῳ
794 2306 899 2387 ἑωυτῶν

94 2399 147 2456 τού
168 2395 284 2457 στόλου·
304 2394 375 2473 πρός
394 2394 425 2455 δὲ
438 2392 566 2473 ταύτῃσι,
585 2392 631 2453 καὶ
647 2390 753 2470 μύδρον
769 2390 899 2469 σιδήρεον

95 2483 311 2545 κατεπόντωσαν
337 2483 384 2543 καὶ
409 2481 525 2559 ὤμοσαν
548 2480 614 2558 “μῆ
636 2480 703 2559 πρὶν
723 2486 752 2545 ές
772 2480 898 2556 Φωκαίην

94 2570 179 2649 ἥξειν,
200 2572 266 2650 πρὶν
282 2570 302 2648 ἦ
319 2570 371 2632 τόν
386 2571 491 2650 μύδρον
507 2571 607 2631 τοῦτον
627 2566 794 2649 ἀναφῇναι·”
814 2572 896 2629 στελ-

92 2661 220 2737 λομένων
232 2661 263 2721 δὲ
275 2658 365 2721 αὐτῶν
377 2659 424 2719 ε’πὶ
435 2658 487 2734 τὴν
497 2656 615 2735 Κύρνον,
628 2657 698 2734 ύπὶρ
711 2656 832 2735 ἡμίσεας
843 2660 898 2716 τῶν

94 2746 190 2808 ἀατῶν
202 2750 291 2825 ἔλαβε
303 2747 391 2812 πόθος
402 2773 433 2808 τε
447 2747 493 2806 καὶ
506 2745 597 2809 οἶκτος
608 2750 660 2822 τῆς
671 2744 771 2809 πόλιος
784 2745 898 2804 καὶτῶν

93 2834 184 2911 ἠθέων
196 2840 247 2910 τῆς
257 2835 358 2915 χύρης·
376 2832 535 2913 ψευδόρκιοι
548 2832 578 2893 δὲ
590 2832 741 2915 γενόμενοι,
756 2831 897 2891 ἀπέπλεον

94 2922 188 2984 όπίσω
204 2929 232 2988 ές
247 2924 299 3000 τὴν
311 2923 447 2999 Φωκαίην·
468 2922 495 2981 αἲ
512 2921 542 2980 δὲ
562 2920 651 2981 αὐτῶν
669 2920 702 2980 τὰ
719 2918 813 2997 ὅρκιον
831 2916 896 2994 ε’φύ-
986 3002 987 3005 ¹

93 3015 217 3082 λασσον,
225 3010 367 3089 ἀερθέντες
377 3014 407 3070 έκ
417 3014 471 3070 τῶν
479 3008 658 3069 Οἰνουσσέων
668 3008 777 3067 ἔπλεον.
798 3005 880 3065 Ἐπεί
887 3006 943 3066 166

92 3124 125 3160 τε
138 3100 169 3159 δὲ
181 3104 210 3163 ἐς
221 3097 274 3175 τὴν
286 3098 397 3175 Κύρνον
408 3096 552 3168 ἀπίκοντο,
565 3096 655 3155 οἴκεον
668 3097 746 3173 κοινῇ
758 3092 830 3171 μετὰ
841 3096 896 3153 τῶν

92 3187 231 3265 πρότερον
245 3185 419 3262 ἀπικομένων
434 3184 476 3244 ἐπ’
490 3186 552 3244 έτεα
567 3183 649 3244 πέντε
667 3184 714 3241 καὶ
732 3181 778 3259 ἶρά
796 3178 897 3258 ἐνιδρύ-

91 3300 193 3337 σαντο·
214 3276 261 3335 καὶ
273 3273 343 3354 ἆγον
354 3271 411 3353 γὰρ
423 3270 458 3349 δὴ
476 3273 523 3332 καὶ
541 3271 642 3349 ἔφερον
661 3270 725 3333 τούς
742 3268 897 3347 περιοίκους
