2150 3500
170 114 220 161 οτι
475 103 658 162 ωιοαοιοτ
780 151 784 158 .
906 110 983 176 [111.

171 192 277 267 ἔβενον,
299 190 345 249 καὶ
365 189 466 269 ἄνδρας
485 190 637 271 μεγθιτους
657 190 705 249 καὶ
725 192 904 254 καλλίστους
932 188 988 249 καὶ

170 276 423 355 μακροβιωτάτους.

125 367 183 426 115
224 362 312 425 Αὗται
325 366 378 441 μέν
390 390 438 426 νυν
454 364 529 426 ἕντι
546 368 583 443 τῇ
601 364 686 445 Ἀσίη
702 365 838 445 ἐσχατιαί
854 368 914 425 εἰσι
932 367 984 424 καὶ

172 458 202 513 ἐν
215 457 251 531 τῇ
264 453 370 531 Λιβύῃ.
410 453 475 531 περὶ
487 453 517 512 δὲ
534 457 591 513 τῶν
604 458 633 514 ἐν
644 457 681 532 τῇ
698 452 824 532 Εὐρώπῃ
838 457 895 513 τῶν
906 452 985 530 πρός

172 541 293 617 ἕσπέρην
313 541 465 620 ἐσχατιέων
485 540 540 620 ἔχω
558 543 612 617 μὲν
631 540 682 600 οὐκ
707 539 846 618 ἀτρεκέως
871 541 982 622 λέγειν·

170 626 234 688 οὔτε
246 628 302 710 γοὶρ
317 629 403 709 ἔγωγε
421 628 566 705 ἐνδέκομαι
576 627 726 705 Ἠριδανόν
738 652 802 687 τινα
821 628 984 689 καλέεσθαι

171 715 243 794 πρός
267 715 425 794 βαρβάρων
450 715 588 794 ποταμόν,
609 714 750 777 ἐκδιδόντα
771 720 800 780 ἐς
819 715 985 776 θάλασσαν

171 803 225 879 τήν
242 803 312 881 πρός
329 805 422 880 βορῆν
440 801 551 880 ἄνεμον,
564 802 612 862 ἀπ’
627 802 690 863 ὅτευ
708 802 742 863 τό
754 801 901 880 ἤλεκτρον
917 810 985 879 φοι·

172 895 225 951 τάν
251 890 337 971 λόγος
363 890 433 960 ἐστὶ,
458 889 523 951 οὔτε
545 890 649 967 νόσους
675 890 737 950 offla
762 892 985 969 Κασσιτερῶας

172 978 281 1048 ἐούσας,
295 984 326 1038 ἐκ
338 977 423 1039 τῶνό
438 978 607 1056 κασσίτερος
620 977 689 1055 ἡμῖν
701 982 798 1057 φοιτᾷ·
810 984 917 1053 ,τοῦτο
929 981 985 1055 μέν

172 1066 236 1147 γάρ,
251 1066 266 1125 ό
279 1065 428 1143 Ἠριδανός
440 1064 508 1126 αθτὸ
521 1068 685 1148 κατηγορέει
696 1065 729 1126 τό
742 1064 852 1142 οὕνομα
865 1066 906 1131 οἷς
920 1069 985 1127 ἐστι

173 1154 341 1230 Ἑλληνικόν
355 1154 402 1213 καὶ
414 1151 447 1213 οὔ
465 1152 626 1232 βάρβαρον,
639 1153 695 1213 ὖτό
712 1156 833 1230 ποιητέω
853 1154 887 1214 δέ
905 1181 985 1218 τινος

174 1244 298 1319 ποιηθέν·
322 1245 406 1302 τοῦτο
423 1241 462 1313 δέ,
480 1240 590 1305 οὐδενός
607 1240 749 1302 αὐτόπτεω
768 1244 930 1321 γενομένου
950 1242 984 1303 οὗ

172 1330 293 1407 δύναμαι
318 1328 446 1399 α’κοῦσαι,
471 1333 556 1389 τοῦτο
581 1333 713 1407 μελετῶν,
740 1328 810 1393 ὅκως
836 1330 983 1391 θάλασσά

175 1422 237 1479 ἐστι
251 1418 288 1479 ταὶ
306 1418 430 1477 ἐπέκεινα
445 1420 496 1493 τῆς
512 1416 659 1494 Εὐρώπης·
680 1416 712 1485 ἐξ
726 1414 850 1496 ἐσχάτης
867 1417 893 1477 δ’
911 1418 983 1479 ώνό

127 1507 185 1564 116
194 1530 225 1564 τε
239 1505 404 1583 κασσίτερος
416 1504 484 1581 ἡμῖν
499 1507 587 1584 φοιτᾷ
599 1505 646 1564 καὶ
660 1504 694 1564 τό
709 1502 853 1581 ἤλεκτρον.
897 1507 983 1584 Πρός

173 1591 204 1651 δὲ
221 1590 323 1669 όρκτου
342 1596 394 1667 τῆς
410 1592 547 1669 Εὐρώπης
564 1595 664 1671 πολλῷ
676 1617 708 1653 τι
719 1595 857 1655 πλεῖστος
867 1594 983 1671 χρυσός

165 1679 302 1755 Ιφαίνεται
329 1676 388 1737 ἐών·
417 1677 487 1743 ὅκως
509 1682 563 1757 μὲν
583 1679 736 1762 γινόμενος,
763 1678 813 1738 οὐκ
834 1680 891 1759 ἔχω
914 1681 983 1741 οθδέ

171 1771 255 1826 τοῦτο
268 1764 406 1845 ἀτρεκέως
414 1766 499 1827 εἶπαι·
519 1765 634 1851 λέγεται
647 1769 677 1828 δὲ
688 1767 734 1829 ὑπ’
748 1773 778 1828 ἐκ
793 1771 850 1827 τῶν
860 1774 983 1849 γρυπῶν

173 1853 305 1931 ἁρπάζειν
316 1853 519 1932 Ἀριμασποῦς,
534 1856 635 1934 ἄνδρας
647 1856 896 1933 μουνοφθάλμους·
918 1860 982 1918 πεί-

174 1943 259 2020 θομαι
286 1942 316 2002 δὲ
342 1943 405 2003 οὐδὲ
427 1947 520 2017 τοῦτο,
546 1942 615 2008 ὅκως
637 1942 856 2021 μουνόφθαλμοι
877 1943 983 2023 ἄνδρες

174 2029 302 2106 φύονται,
327 2030 416 2108 φύσιν
442 2033 553 2112 ἔχοντες
577 2032 630 2107 τήν
656 2031 749 2108 ἄλλην
774 2030 875 2108 ὁμοίην
896 2039 982 2095 τοῖσι

173 2117 292 2180 ἄλλοισι
318 2117 501 2199 ἀνθρώποισι.
541 2122 571 2178 αἱ
592 2119 627 2195 δη
651 2116 690 2178 ὧν
713 2120 842 2197 ἐσχατιαὶ
869 2121 980 2192 οἴκασι,

173 2207 388 2284 περικληίουσαι
411 2207 465 2284 τήν
490 2207 583 2284 άλλην
609 2206 702 2286 χώρην
723 2207 770 2266 καὶ
791 2206 868 2271 ἐντθς
888 2207 981 2288 ἀπέρ-

172 2320 284 2376 γουσαι,
298 2295 334 2356 τά
353 2295 497 2356 κάλλιστα
516 2295 646 2357 δοκέοντα
662 2294 730 2372 ἦμῖν
750 2293 820 2354 εἶναι
834 2296 883 2354 καὶ
899 2323 980 2357 σπα-

174 2379 292 2440 νιώτατα
309 2383 382 2460 έχείν
394 2380 485 2442 αὗται.
572 2391 575 2396 ’

130 2466 183 2526 117
220 2465 306 2527 Ἔστι
333 2468 363 2526 δὲ
389 2469 485 2529 πεδίον
511 2473 541 2530 ἐν
563 2473 600 2550 τῇ
621 2469 705 2549 Ἀσίη
728 2471 980 2549 περικεκληῐμένον

173 2551 248 2631 οὔρεϊ
260 2552 407 2625 πάντοθεν,
421 2555 580 2638 διασφάγες
599 2558 629 2617 δὲ
641 2563 691 2619 τοῦ
704 2556 799 2635 οὖρεός
812 2563 869 2618 εἶσι
880 2561 979 2621 πέντε·

173 2644 256 2701 τοῦτο
268 2641 301 2701 τό
314 2641 409 2702 πεδίον
429 2641 464 2718 ἦν
478 2645 530 2720 μέν
547 2671 613 2705 κοτε
628 2646 807 2724 Χορασμίων,
821 2652 851 2704 ἐν
864 2645 981 2723 οὔροισι

174 2729 220 2789 ἐὸν
240 2734 295 2790 τῶν
321 2731 493 2808 Χορασμίων
514 2758 545 2792 τε
566 2732 655 2793 αὐτῶν
678 2734 725 2792 καὶ
744 2733 903 2811 Ὑρκανίων,
929 2737 980 2795 καὶ

175 2815 303 2892 Πάρθων,
324 2818 371 2876 καὶ
391 2821 567 2898 Σαραγγέων,
588 2821 636 2878 καὶ
655 2812 830 2896 Θαμαναίων·
860 2822 929 2880 ἐπεί
945 2848 979 2883 τε

171 2901 201 2957 δὲ
223 2904 335 2978 Πέρσαι
359 2906 457 2982 έχουσι
477 2904 512 2963 τό
533 2904 642 2978 κράτος,
667 2908 730 2965 έστι
750 2911 801 2965 τοῦ
822 2908 978 2982 βασιλέος.
1053 2920 1054 2923 ’

171 2989 201 3044 ἐκ
221 2985 255 3060 δη
276 2989 313 3048 ὧν
329 2994 380 3049 τοῦ
395 2990 606 3066 περικληίοντος
622 2990 717 3068 οὔρεος
732 2993 834 3052 τούτου
848 2995 907 3069 ῥέει
922 3022 967 3056 πο

168 3069 256 3140 ταμός
270 3073 366 3153 μέγας,
386 3075 490 3151 οὔνομα
510 3075 542 3132 δέ
559 3077 587 3132 οἱ
607 3078 670 3136 ἐστὶ
685 3076 785 3154 Ἀκης·
805 3079 888 3145 οὗτος
905 3084 977 3158 πρό·

166 3164 246 3221 Τῑρὸν
269 3160 322 3227 μὲν
345 3159 471 3234 ἄρδεσκε,
496 3160 718 3238 διαλελαμμένος
740 3171 894 3244 πενταχοῦ,
916 3174 976 3230 γῶν

114 3251 122 3262 ·
167 3233 485 3306 εῖρημένωντούτωντιὶς
497 3243 975 3332 χώρας,διοὶδιασφάγοςοῖγόμενος
