2150 3500
165 113 199 162 οο
261 133 266 139 -
464 111 649 162 Ἦοοιουοτ
933 107 977 176 [L

67 199 69 204 “
162 188 361 269 ἀπρόσμικτοι.
400 193 563 270 μετέβαλον
581 192 612 252 δέ
632 190 684 252 ὦδε
703 195 732 255 ἐς
748 189 886 269 εόνομίην·
909 197 977 252 Λυ-

163 277 290 360 κούργου,
303 281 359 339 τῶν
373 279 567 358 Σπαρτιητέων
580 279 696 357 δοκίμου
712 278 818 356 ἀνδρός,
833 277 978 344 ἐλθόντος

163 370 192 430 ἐς
205 365 337 442 Δελφούς
351 367 397 427 ἐπὶ
408 368 441 427 τό
455 366 637 446 χρηστήριον,
649 365 686 431 οἷς
702 365 780 444 ἐοήῖε
793 370 821 431 ές
832 365 866 428 τό
878 366 976 448 μέγα·

161 478 214 532 ρον
225 452 305 518 εὐθύς
316 453 335 531 ἤ
348 455 442 532 Πυθίη
454 454 532 537 λέγει
544 454 619 515 τόδε·

207 583 301 643 Ἥκεις,
321 584 488 648 ὥΛυκδοργε,
508 586 564 644 ἐμδν
580 584 637 634 ποτί
653 585 725 634 πίονα
739 585 802 646 νηδν,

211 657 268 715 Ζηνί
284 657 354 717 φίλος
369 658 410 705 καί
425 659 501 706 πᾶσιν
516 659 624 716 ὀλίμπια
640 656 730 716 δείματ’
745 658 837 718 έχουσι.

211 728 267 788 διζῶ
283 728 302 786 η’
316 745 346 778 σε
363 730 416 778 θεὸν
431 731 601 788 μαντεύσομαι,
619 727 636 788 ἠ
653 730 785 790 δνθραπον*

211 799 268 850 ἀλλ’
285 801 322 849 ἔτι
337 801 379 850 καί
393 801 490 860 μᾶλλον
506 803 561 850 θεὸν
576 803 690 861 ἔλπομαι,
708 799 728 848 ιδ
743 799 872 863 Λυκόοργε.

163 913 191 970 οἶ
209 913 262 988 μὲν
279 910 314 987 δή
330 936 402 974 τινες
421 910 491 988 πρδς
509 910 636 972 τούτοισι
652 912 771 993 λέγουσι
791 912 838 971 καὶ
853 910 971 988 φρόσαι

163 996 237 1077 αύτῷ
248 997 301 1074 τήν
314 998 426 1075 Πυθίην
437 998 487 1060 τάν
499 1003 549 1059 νῦν
562 1003 736 1060 κατεστεῶτα
748 997 858 1076 κόσμον
870 1000 971 1077 Σπαρ-

162 1084 285 1165 τιήτῃσι·
301 1085 337 1150 οἷς
349 1084 373 1145 δ’
385 1085 464 1146 αὐτοὶ
476 1079 691 1164 Λακεδαιμόνιοι
702 1087 829 1167 λέγουσι,
839 1091 967 1164 Λυκοῦρ-

162 1199 215 1255 γον
247 1173 486 1251 ἐπιτροπεύσαντα
515 1173 684 1251 Λεωβώτεω,
716 1173 883 1250 ἀδελφιδέου
912 1177 969 1252 μὲν

165 1265 265 1322 ἑωυτοῦ
286 1261 490 1339 βασιλεύοντος
512 1263 543 1323 δὲ
568 1263 769 1340 Σπαρτιητέων,
793 1266 824 1322 ἐκ
849 1261 968 1340 Κρήτης

162 1348 321 1432 ἀγαγέσθαι
342 1353 442 1410 ταῦτα.
481 1349 518 1415 ὥς
542 1349 599 1432 γάρ
622 1349 808 1426 ἐπετρόπευσε
831 1349 965 1428 τάχιστα,

162 1439 319 1515 μετέστησε
332 1437 370 1524 τά
383 1437 488 1515 νόμιμα
503 1436 604 1506 πάντα,
618 1437 665 1496 καὶ
681 1435 804 1512 ἐφύλαξε
819 1441 908 1497 ταῦτα
922 1436 966 1514 μή

162 1526 358 1604 παραβαίνειν·
378 1524 450 1601 μετά
462 1524 500 1595 δὲ,
513 1523 551 1584 τά
563 1528 592 1587 ἐς
602 1523 729 1601 πόλεμον
741 1525 849 1604 ἔχοντα,
864 1529 964 1601 ἐνωμο-

162 1613 224 1676 τίας
243 1613 289 1671 καί
306 1611 454 1690 τριηκάδας
471 1611 518 1671 καὶ
535 1613 680 1682 συσσίτια,
698 1611 769 1690 πρός
787 1637 819 1672 τε
837 1611 966 1674 τούτοισι

117 1700 155 1763 66
163 1698 228 1765 τούς
238 1698 356 1777 ἐφόρους
369 1699 415 1760 καὶ
425 1700 557 1782 γέροντας
569 1702 674 1777 ἔστησε
684 1703 854 1782 Λυκοῦργος.
883 1701 965 1763 Οὕτω

163 1792 215 1866 μὲν
233 1786 442 1865 μεταβαλόντες
461 1788 665 1867 εὐνομήθησαν.
705 1793 744 1869 τῷ
762 1789 793 1849 δέ
812 1788 965 1872 Λυκούργῳ
1053 1861 1054 1866 ¹

157 1875 362 1953 ,τελευτήσαντι
375 1876 435 1954 ἱρόν
444 1875 595 1955 εἰσόμενοι,
605 1877 740 1953 σέβονται
752 1877 891 1959 μεγάλως.
917 1879 965 1939 ota
1010 1883 1015 1887 ’
1053 1907 1054 1930 ι

164 1965 195 2025 δέ
207 1965 236 2025 έν
246 1989 279 2025 τε
290 1962 368 2044 χαίρῃ
380 1963 482 2046 ἀγαθῇ,
496 1965 544 2025 καὶ
554 1964 659 2040 πλήθεϊ
670 1962 720 2024 ούκ
732 1963 838 2047 ὀλίγων
848 1964 962 2044 ἀνδροῖν,

164 2050 218 2112 ἀνά
228 2078 260 2113 τε
273 2052 392 2129 ἔδραμον
403 2051 502 2113 αύτίκα
513 2052 561 2112 καὶ
573 2051 775 2129 εὐθηνήθησαν·
796 2054 843 2113 καὶ
859 2053 894 2130 δή
906 2060 962 2131 σφι

164 2139 256 2201 ούκίτι
265 2140 376 2221 ἀπέχρα
384 2139 507 2220 ἡσυχίην
515 2138 602 2223 ἀγειν,
612 2138 691 2200 ἀλλά
700 2140 963 2219 καταφρονήσαντες

164 2226 306 2308 Ἀρκάδων
322 2229 472 2309 κρέσσονες
488 2227 567 2298 εἶναι,
580 2227 831 2308 ἐχρηστηριάζοντο
847 2235 877 2290 ἐν
891 2234 964 2291 Δελ-
1053 2283 1054 2290 ,

165 2320 249 2393 φοῖσι
262 2317 309 2377 ἐπὶ
323 2314 404 2397 πόση
415 2318 452 2396 τῇ
463 2313 604 2395 Ἀρκάδων
615 2314 703 2396 χιόρη·
722 2315 742 2393 ή
755 2316 786 2377 δέ
801 2318 896 2395 Πυθίη
907 2324 963 2397 σφι

164 2407 222 2484 χρᾷ
233 2402 309 2505 τάδε·

209 2519 341 2582 ’Δρκιιδίην
355 2518 382 2578 μ’
396 2520 483 2581 αίτεῖς;
499 2518 566 2581 μέγα
580 2519 609 2580 μ’
623 2522 705 2571 αίτεῖς·
723 2523 752 2571 οὔ
761 2539 799 2572 τοι
810 2520 888 2574 διίσα.

215 2592 304 2640 πολλοί
319 2593 345 2639 ἐν
357 2590 473 2652 ’Δρκαδίη
487 2593 662 2654 βαλανηφάγοι
677 2593 760 2655 ἅνδρες
772 2597 834 2655 ἔασι,

215 2664 240 2711 οί
254 2662 279 2712 π’
297 2664 502 2713 ἀποκωλύσουσιν.
535 2664 586 2724 ἐγὼ
602 2665 629 2713 δέ
644 2682 683 2713 τοι
698 2668 728 2713 οὕ
742 2682 768 2715 τι
782 2665 898 2729 μεγαίρω·

215 2735 285 2784 δώσω
300 2751 338 2783 τοι
354 2734 447 2795 ’.ίεγέην
462 2735 622 2797 ποσσίκροτον
637 2737 798 2799 ὀρχήσασθαι,

215 2809 256 2855 καί
272 2808 346 2855 καλὸν
363 2806 443 2855 πεδίον
459 2807 549 2869 σχοίνῳ
565 2808 778 2870 διαμετρήσασθαι.

167 2908 261 2966 Ταῦτα
280 2904 317 2971 οἷς
336 2903 533 2985 ἀπενειχθέντα
552 2904 678 2981 ἥκουσαν
697 2910 725 2967 οἱ
744 2907 965 2986 Λακεδαιμόνιοι,

168 2989 308 3069 Ἀρκάδων
326 2995 379 3070 μὲν
399 2997 455 3053 τῶν
477 2992 573 3054 ἄλλων
592 2992 750 3073 ἀπείχοντο·
775 2999 802 3055 οἶ
825 2996 863 3067 δέ,
883 2998 967 3063 πέδας

169 3079 327 3157 φερόμενοι,
340 3080 387 3139 ἐπὶ
401 3078 540 3159 Τεγεήτας
554 3078 760 3156 ἐστρατεύοντο,
772 3087 894 3162 χρησμῷ
905 3088 966 3163 κιβ·

170 3163 245 3244 δήλῳ
257 3167 371 3227 πίσυνοι
387 3165 468 3241 ὦςδή
486 3164 778 3242 ἐξανδραποδιούμενοι
789 3168 854 3233 τούς
868 3172 967 3251 Τεγεή-

169 3274 230 3315 τας·
243 3252 413 3316 ἑσσωθέντες
422 3252 452 3310 δέ
464 3256 501 3331 τῇ
514 3252 661 3330 συμβολῇ,
669 3251 735 3312 ὅσοι
748 3256 838 3316 αῦτοῖν
850 3256 966 3338 ἐζωγρή-
