2150 3500
88 134 200 202 ττ-τα]
390 134 613 188 mmmmm.
843 139 891 190 ιιι

86 216 198 279 πείθεος
216 218 268 276 τοῦ
286 213 471 296 Ἀγαθύρσων
489 217 639 293 βασιλέος·
660 215 771 295 Σκύλης
789 217 821 278 δέ
838 217 891 296 τῆν

86 328 118 362 τε
131 303 289 379 βασιληίην
302 303 457 379 παρέλαβε,
472 304 518 362 καὶ
530 303 583 380 τῆν
594 307 711 384 γυναῖκα
723 309 774 365 τοῦ
786 305 891 382 πατρδς

85 395 123 469 τῆ
137 390 242 467 οὕνομα
254 390 290 465 ῆν
303 389 415 466 Ὀποίη·
436 388 471 465 ῆν
484 391 514 450 δὲ
527 390 596 466 αὕτη
609 391 628 465 ῆ
642 391 744 468 Ὀποίη
759 390 842 468 α’στῆ,
857 394 890 464 ἐξ

86 476 122 553 ἧς
134 477 293 554 ἦν”Ορικος
305 476 478 553 Ἀριαπείθεϊ
493 481 568 542 παῖς·
588 478 751 554 βασιλεύων
771 480 800 537 δὲ
819 482 887 544 Σκυ-

86 565 183 625 θέωνά
195 565 306 640 Σκύλης
315 564 405 644 διαίτῃ
412 567 465 640 μὲν
475 564 601 642 ούδαμῶς
609 566 744 642 ἠρέσκετο
755 568 886 648 Σκυθικῆ,

20 677 24 683 ·
86 651 889 732 άλλοὶπολλὸνπρδςτάἙλληνικάμᾶλλοντετραμμένος

87 739 123 815 ἦν
143 739 199 801 οἶπδ
219 739 381 803 παιδεύσιος
399 743 451 816 τῆς
470 741 660 800 ἐπεπαίδευτο·
682 742 774 802 ἐποίεέ
788 768 819 802 τε
831 769 886 805 τοι·

87 831 164 887 οΰτο·
185 827 246 887 εὖτε
259 827 362 908 ἀγάγοι
378 827 431 903 τῆν
445 826 582 904 στρατιῆν
596 827 647 903 τῆν
666 829 792 892 Σκυθέων
806 836 839 893 ’ἐς
855 831 888 891 τό

89 914 329 992 Βορυσθενεϊτέων
351 913 431 989 οϊστυ,
454 914 493 993 (οἱ
520 915 550 974 δὲ
576 913 791 992 Βορυσθενεῗται
812 915 889 978 οὗτοι

89 1003 208 1083 λέγουσι
225 1003 317 1079 σφέας
333 1000 433 1065 αύτούς
451 1002 521 1060 εἶναι
539 1003 721 1084 Μιλησίους)
738 1008 766 1067 ἐς
777 1005 890 1069 τούτους

88 1088 158 1153 ὅκως
168 1091 246 1151 ἐλθοι
259 1090 276 1150 o‘
290 1089 408 1166 Σκύλης,
416 1088 468 1167 τῆν
477 1091 530 1166 μέν
540 1089 675 1168 στρατιῆν
686 1093 889 1169 καταλείπεσκε
935 1111 937 1118 ’

89 1182 120 1236 ἐν
138 1183 177 1257 *tq*
196 1179 362 1258 προαστείῳ,
376 1176 460 1240 αύτδς
480 1177 510 1237 δὲ
530 1177 599 1240 ὅκως
615 1179 694 1238 ἔλθοι
710 1183 738 1241 ἐς
749 1179 783 1238 vd
797 1183 889 1259 τεῖχος

90 1266 137 1324 καὶ
154 1265 204 1329 τάς
222 1265 313 1330 πύλας
331 1266 498 1346 ἐγκληϊσειε,
519 1265 572 1340 τῆν
590 1265 698 1340 στολῆν
716 1265 888 1344 ἀποθέμενος

87 1352 141 1428 τῆν
154 1354 300 1429 Σκυθικῆν,
316 1354 444 1430 λάβεσκε
462 1351 497 1419 ,ἂν
512 1352 666 1428 Ἑλληνίδα
681 1354 797 1429 ἐσθῆτα·
819 1355 888 1433 ἔχων

88 1439 113 1499 δ’
123 1439 158 1500 ἂν
169 1441 272 1518 ταύτην
284 1441 412 1522 ἠγόραζε,
422 1439 485 1500 οὔτε
498 1440 661 1518 δορυφόρων
674 1442 814 1517 ἐσομένων
827 1441 890 1501 οὔτε

88 1525 181 1588 ὅλλου
193 1527 312 1592 οὐδενός·
327 1527 389 1609 (τάς
401 1529 431 1588 δὲ
444 1528 538 1592 πύλας
549 1529 724 1606 ἐφύλασσον,
732 1528 773 1605 μῆ
785 1531 828 1592 τίς
839 1555 888 1606 μιν

89 1617 217 1680 Σκυθέων
228 1616 283 1676 ϊδοι
295 1617 396 1694 ἔχοντα
407 1615 511 1692 ταύτην
523 1615 575 1691 τῆν
588 1615 719 1696 στολήν)
733 1617 779 1674 καὶ
792 1615 886 1676 τᾶλλα

88 1706 192 1782 ἐχριϊτο
204 1703 294 1783 διαίτη
306 1703 469 1783 Ἑλληνικῇ,
484 1704 530 1764 καὶ
544 1704 635 1764 θεοῖσι
649 1703 694 1783 ἶριϊ
708 1703 797 1764 ἐποίεε
814 1705 885 1765 κατὰ

87 1790 191 1868 νόμους
209 1792 275 1856 τούς
294 1790 448 1868 Ἑλλήνων·
478 1791 525 1853 ὅτε
545 1792 576 1851 δέ
596 1792 747 1871 διατρίψειε
769 1797 845 1869 μῆνα
867 1792 886 1869 ἦ

88 1879 178 1939 πλέον
202 1878 310 1949 τούτου,
336 1878 543 1941 ἀπαλλάσσετο
569 1879 647 1943 ἐνδύς
671 1880 724 1956 τῆν
750 1881 889 1957 Σκυθικῆν

88 1966 208 2044 στολήν·
221 1971 310 2027 ταῦτα
321 1969 451 2027 ποιέεσκε
463 1965 613 2031 πολλάκις·
634 1966 680 2026 καὶ
693 1967 766 2025 οἰκία
778 1994 810 2028 τε
823 1968 888 2028 ἐδεί-

88 2079 163 2130 ματο
182 2060 212 2115 ἐν
229 2054 399 2131 Βορυσθένεϊ
417 2054 464 2112 καὶ
474 2057 593 2134 γυναῖκα
606 2054 692 2135 ἔγημε
705 2058 734 2116 ἐς
746 2052 817 2114 αὐτά
830 2060 886 2125 ἐπι-

88 2143 203 2220 χωρίην.
236 2140 318 2201 Ἐπεί
327 2166 359 2201 τε
372 2141 402 2200 δὲ
416 2140 474 2199 ἔδεέ
485 2143 513 2200 οἱ
525 2143 615 2203 κακῶς
625 2140 766 2220 γενέσθαι,
781 2141 888 2221 ἐγένετο
897 2142 936 2204 79

89 2228 149 2289 άπδ
156 2228 316 2306 προφάσιος
324 2228 447 2304 τοιῆσδε·
458 2226 619 2304 ἐπεθύμησε
625 2226 754 2307 Διονύσῳ
761 2230 887 2308 Βακχείῳ

88 2319 269 2394 τελεσθῆναι·
288 2317 424 2394 μέλλοντι
444 2314 476 2375 δέ
492 2318 520 2376 οἶ
540 2320 568 2380 ἐς
587 2318 682 2395 χεῖρας
702 2314 821 2397 ἄγεσθαι
837 2317 889 2392 τῆν

88 2404 207 2481 τελετῆν
225 2404 334 2486 ἐγένετο
353 2402 458 2481 φάσμα
475 2402 620 2483 μέγιστον·
640 2402 676 2479 ῆν
694 2404 721 2462 οἶ
739 2408 768 2463 ἐν
780 2409 887 2481 Βορυσ-
945 2424 947 2427 ·

64 2558 66 2562 ,
90 2492 232 2552 θενεϊτέων
253 2496 290 2570 τῆ
313 2490 383 2551 πόλι
403 2491 489 2566 οἰκίης
507 2489 634 2571 μεγάλης
653 2490 700 2550 καὶ
719 2492 888 2555 πολυτελέος

90 2577 242 2657 περιβολῆ,
253 2579 315 2660 (τῆς
325 2580 371 2638 καὶ
380 2576 468 2659 ὀλίγῳ
476 2604 505 2638 τι
515 2578 650 2657 πρότερον
662 2578 767 2640 τούτων
777 2579 890 2657 μνήμην

91 2666 191 2748 εἶχον)
199 2667 250 2744 τῆν
259 2665 341 2744 πέριξ
353 2669 454 2725 λευκοῦ
464 2666 547 2726 λίθου
557 2667 679 2747 σφίγγες
688 2692 719 2727 τε
730 2668 776 2726 καὶ
785 2667 888 2750 γρύπες

90 2755 227 2815 ἔστασαν·
248 2759 277 2818 ἐς
292 2752 396 2830 ταύτην
415 2752 432 2813 ὅ
453 2753 517 2818 θεὸς
536 2753 672 2831 ἐνέσκηψε
690 2755 789 2830 βέλος·
810 2753 890 2829 καὶῆ

89 2843 144 2918 μὲν
163 2841 283 2918 κατεκάη
302 2844 393 2902 παῖσα·
414 2840 525 2917 Σκύλης
545 2840 575 2900 δέ
593 2838 671 2900 οὐδὲν
686 2839 787 2900 τούτου
801 2841 890 2901 εἵνεκα

88 2928 187 3006 ἧσσον
212 2930 362 2990 ἐπετέλεσε
387 2927 439 3004 τῆν
464 2927 589 3003 τελετήν.
636 2927 755 3009 (Σκύθαι
783 2927 814 2987 δὲ
839 2931 889 2987 τοῦ

93 3016 243 3097 θακχεύειν
261 3018 327 3093 πέρι
346 3015 476 3091 Ἕλλησι
495 3014 668 3085 ὀνειδίζουσι·
693 3013 725 3075 ού
744 3014 800 3096 γάρ
816 3021 891 3090 φασι

91 3104 168 3168 οϊκδς
183 3104 254 3165 εἶναι
272 3104 336 3163 θεδν
355 3102 521 3178 ἐξευρίσκειν
537 3105 637 3162 τοῦτον
650 3101 729 3165 ὅστις
741 3101 891 3179 μαίνεσθαι

90 3190 185 3273 ἐνάγει
197 3190 379 3268 ἀνθρώπους.)
410 3189 513 3269 ἐπείτε
526 3188 557 3248 δὲ
570 3190 704 3266 ἐτελέσθη
714 3193 752 3267 τῷ
765 3189 891 3268 Βακχείῳ

90 3290 112 3332 σ
135 3277 255 3353 Σκύλης,
278 3274 480 3351 διεπρήστευσε
506 3279 562 3334 τῶν
586 3300 628 3339 τις
654 3276 891 3354 Βορυσθενεϊτέων
