<?xml version="1.0" encoding="UTF-8"?>
<!DOCTYPE html PUBLIC "-//W3C//DTD XHTML 1.0 Transitional//EN"
    "http://www.w3.org/TR/xhtml1/DTD/xhtml1-transitional.dtd">
<html xmlns="http://www.w3.org/1999/xhtml" xml:lang="en" lang="en">
 <head>
  <title>
</title>
<meta http-equiv="Content-Type" content="text/html;charset=utf-8" />
  <meta name='ocr-system' content='tesseract 3.04.00' />
  <meta name='ocr-capabilities' content='ocr_page ocr_carea ocr_par ocr_line ocrx_word'/>
</head>
<body>
  <div class='ocr_page' id='page_1' title='image "./herodotus00blakgoog_0202.png"; bbox 0 0 2150 3500; ppageno 0'>
   <div class='ocr_carea' id='block_1_1' title="bbox 101 121 961 3353">
    <p class='ocr_par' dir='ltr' id='par_1_1' title="bbox 101 121 936 1333">
     <span class='ocr_line' id='line_1_1' title="bbox 106 121 914 177; baseline -0.007 -1"><span class='ocrx_word' id='word_1_1' title='bbox 106 127 255 177; x_wconf 77' lang='grc'>151-1541</span> <span class='ocrx_word' id='word_1_2' title='bbox 433 125 598 174; x_wconf 74' lang='grc' dir='ltr'>ΕΤΤΕΡΠΗ.</span> <span class='ocrx_word' id='word_1_3' title='bbox 867 121 914 170; x_wconf 79' lang='grc'>185</span> 
     </span>
     <span class='ocr_line' id='line_1_2' title="bbox 105 201 914 284; baseline -0.004 -17"><span class='ocrx_word' id='word_1_4' title='bbox 105 207 215 284; x_wconf 90' lang='grc' dir='ltr'>χρόνου</span> <span class='ocrx_word' id='word_1_5' title='bbox 226 205 257 264; x_wconf 83' lang='grc' dir='ltr'>δὲ</span> <span class='ocrx_word' id='word_1_6' title='bbox 270 202 303 264; x_wconf 83' lang='grc' dir='ltr'>ού</span> <span class='ocrx_word' id='word_1_7' title='bbox 316 206 428 263; x_wconf 83' lang='grc' dir='ltr'>πολλοῦ</span> <span class='ocrx_word' id='word_1_8' title='bbox 443 203 610 273; x_wconf 80' lang='grc' dir='ltr'>διελθόντος,</span> <span class='ocrx_word' id='word_1_9' title='bbox 621 201 758 284; x_wconf 76' lang='grc' dir='ltr'>ἀναγκαίη</span> <span class='ocrx_word' id='word_1_10' title='bbox 771 207 914 283; x_wconf 86' lang='grc' dir='ltr'>κατέλαβε</span> 
     </span>
     <span class='ocr_line' id='line_1_3' title="bbox 101 288 915 368; baseline -0.004 -16"><span class='ocrx_word' id='word_1_11' title='bbox 101 290 205 356; x_wconf 84' lang='grc' dir='ltr'>Ἰωνάς</span> <span class='ocrx_word' id='word_1_12' title='bbox 218 317 250 352; x_wconf 91' lang='grc' dir='ltr'>τε</span> <span class='ocrx_word' id='word_1_13' title='bbox 269 292 316 351; x_wconf 85' lang='grc' dir='ltr'>καὶ</span> <span class='ocrx_word' id='word_1_14' title='bbox 334 295 433 368; x_wconf 84' lang='grc' dir='ltr'>Κάρας</span> <span class='ocrx_word' id='word_1_15' title='bbox 451 289 553 367; x_wconf 88' lang='grc' dir='ltr'>ἀνδρας</span> <span class='ocrx_word' id='word_1_16' title='bbox 570 289 641 350; x_wconf 88' lang='grc' dir='ltr'>κατά</span> <span class='ocrx_word' id='word_1_17' title='bbox 657 291 741 365; x_wconf 64' lang='grc' dir='ltr'>ληίην</span> <span class='ocrx_word' id='word_1_18' title='bbox 754 288 915 349; x_wconf 78' lang='grc' dir='ltr'>ἐκπλεύσαν-</span> 
     </span>
     <span class='ocr_line' id='line_1_4' title="bbox 103 377 915 458; baseline -0.005 -18"><span class='ocrx_word' id='word_1_19' title='bbox 103 407 170 450; x_wconf 86' lang='grc' dir='ltr'><strong><em>τας,</em></strong></span> <span class='ocrx_word' id='word_1_20' title='bbox 184 380 383 457; x_wconf 78' lang='grc' dir='ltr'>ἀπενειχθῆναι</span> <span class='ocrx_word' id='word_1_21' title='bbox 396 384 423 442; x_wconf 83' lang='grc' dir='ltr'>ἔς</span> <span class='ocrx_word' id='word_1_22' title='bbox 440 379 592 458; x_wconf 75' lang='grc' dir='ltr'>Αίγπττον·</span> <span class='ocrx_word' id='word_1_23' title='bbox 615 377 752 454; x_wconf 82' lang='grc' dir='ltr'>ἐκβάντας</span> <span class='ocrx_word' id='word_1_24' title='bbox 768 377 798 436; x_wconf 81' lang='grc' dir='ltr'>δὲ</span> <span class='ocrx_word' id='word_1_25' title='bbox 815 382 843 440; x_wconf 78' lang='grc' dir='ltr'>ἐς</span> <span class='ocrx_word' id='word_1_26' title='bbox 860 381 915 458; x_wconf 74' lang='grc' dir='ltr'>γῆν</span> 
     </span>
     <span class='ocr_line' id='line_1_5' title="bbox 105 465 914 546; baseline -0.002 -20"><span class='ocrx_word' id='word_1_27' title='bbox 105 468 160 527; x_wconf 82' lang='grc' dir='ltr'>καὶ</span> <span class='ocrx_word' id='word_1_28' title='bbox 171 467 360 530; x_wconf 72' lang='grc' dir='ltr'>ὁπλισθέντας</span> <span class='ocrx_word' id='word_1_29' title='bbox 372 469 471 545; x_wconf 76' lang='grc' dir='ltr'>χαλκῷ</span> <span class='ocrx_word' id='word_1_30' title='bbox 482 465 619 546; x_wconf 79' lang='grc' dir='ltr'>ἀγγέλλει</span> <span class='ocrx_word' id='word_1_31' title='bbox 633 468 688 526; x_wconf 78' lang='grc' dir='ltr'>τῶν</span> <span class='ocrx_word' id='word_1_32' title='bbox 700 490 742 528; x_wconf 89' lang='grc' dir='ltr'>τις</span> <span class='ocrx_word' id='word_1_33' title='bbox 755 466 914 545; x_wconf 80' lang='grc' dir='ltr'>Αἰγυπτίων</span> 
     </span>
     <span class='ocr_line' id='line_1_6' title="bbox 105 550 936 633; baseline -0.005 -18"><span class='ocrx_word' id='word_1_34' title='bbox 105 561 141 620; x_wconf 80' lang='grc' dir='ltr'>ἐς</span> <span class='ocrx_word' id='word_1_35' title='bbox 155 555 192 618; x_wconf 84' lang='grc' dir='ltr'>τά</span> <span class='ocrx_word' id='word_1_36' title='bbox 207 557 275 616; x_wconf 75' lang='grc' dir='ltr'>ἕλεα</span> <span class='ocrx_word' id='word_1_37' title='bbox 294 553 461 631; x_wconf 86' lang='grc' dir='ltr'>ἀπικόμενος</span> <span class='ocrx_word' id='word_1_38' title='bbox 481 557 519 633; x_wconf 76' lang='grc' dir='ltr'>τῷ</span> <span class='ocrx_word' id='word_1_39' title='bbox 532 553 708 632; x_wconf 76' lang='grc' dir='ltr'>Ψαμμιτίχιρ,</span> <span class='ocrx_word' id='word_1_40' title='bbox 722 552 771 633; x_wconf 82' lang='grc' dir='ltr'>(ἀς</span> <span class='ocrx_word' id='word_1_41' title='bbox 787 550 837 612; x_wconf 85' lang='grc' dir='ltr'>ούκ</span> <span class='ocrx_word' id='word_1_42' title='bbox 851 551 915 614; x_wconf 81' lang='grc' dir='ltr'>ίδῶν</span> <span class='ocrx_word' id='word_1_43' title='bbox 930 559 936 572; x_wconf 68' lang='grc'><strong>“</strong></span> 
     </span>
     <span class='ocr_line' id='line_1_7' title="bbox 104 639 914 723; baseline -0.002 -21"><span class='ocrx_word' id='word_1_44' title='bbox 104 644 248 721; x_wconf 83' lang='grc' dir='ltr'>πρότερον</span> <span class='ocrx_word' id='word_1_45' title='bbox 267 646 366 723; x_wconf 80' lang='grc' dir='ltr'>χαλκῷ</span> <span class='ocrx_word' id='word_1_46' title='bbox 384 640 485 718; x_wconf 80' lang='grc' dir='ltr'>ἀνδρας</span> <span class='ocrx_word' id='word_1_47' title='bbox 511 639 721 721; x_wconf 88' lang='grc' dir='ltr'>όπλισθέντας,)</span> <span class='ocrx_word' id='word_1_48' title='bbox 743 639 778 703; x_wconf 79' lang='grc' dir='ltr'>ὥς</span> <span class='ocrx_word' id='word_1_49' title='bbox 796 639 914 719; x_wconf 89' lang='grc' dir='ltr'>χόλκεοι</span> 
     </span>
     <span class='ocr_line' id='line_1_8' title="bbox 105 727 914 812; baseline 0 -22"><span class='ocrx_word' id='word_1_50' title='bbox 105 730 208 808; x_wconf 81' lang='grc' dir='ltr'>ἀνδρες</span> <span class='ocrx_word' id='word_1_51' title='bbox 241 730 390 812; x_wconf 72' lang='grc' dir='ltr'>ἀπιγμένοι</span> <span class='ocrx_word' id='word_1_52' title='bbox 418 729 475 789; x_wconf 86' lang='grc' dir='ltr'>ἀπά</span> <span class='ocrx_word' id='word_1_53' title='bbox 506 727 657 804; x_wconf 80' lang='grc' dir='ltr'>θαλάσσης</span> <span class='ocrx_word' id='word_1_54' title='bbox 682 732 854 804; x_wconf 79' lang='grc' dir='ltr'>λεηλατεῦσι</span> <span class='ocrx_word' id='word_1_55' title='bbox 880 728 914 790; x_wconf 84' lang='grc' dir='ltr'>τό</span> 
     </span>
     <span class='ocr_line' id='line_1_9' title="bbox 105 815 911 895; baseline 0 -17"><span class='ocrx_word' id='word_1_56' title='bbox 105 821 216 880; x_wconf 83' lang='grc' dir='ltr'>πεδίον·</span> <span class='ocrx_word' id='word_1_57' title='bbox 236 818 254 880; x_wconf 87' lang='grc' dir='ltr'>ἀ</span> <span class='ocrx_word' id='word_1_58' title='bbox 274 819 312 888; x_wconf 77' lang='grc' dir='ltr'>δὲ,</span> <span class='ocrx_word' id='word_1_59' title='bbox 328 815 426 895; x_wconf 78' lang='grc' dir='ltr'>μαθάν</span> <span class='ocrx_word' id='word_1_60' title='bbox 444 817 478 877; x_wconf 85' lang='grc' dir='ltr'>τά</span> <span class='ocrx_word' id='word_1_61' title='bbox 498 817 672 895; x_wconf 86' lang='grc' dir='ltr'>χρηστήριον</span> <span class='ocrx_word' id='word_1_62' title='bbox 692 815 911 893; x_wconf 80' lang='grc' dir='ltr'>ἐπιτελεύμενον,</span> 
     </span>
     <span class='ocr_line' id='line_1_10' title="bbox 106 904 914 984; baseline -0.005 -17"><span class='ocrx_word' id='word_1_63' title='bbox 106 908 189 984; x_wconf 84' lang='grc' dir='ltr'>φίλα</span> <span class='ocrx_word' id='word_1_64' title='bbox 204 932 236 966; x_wconf 88' lang='grc' dir='ltr'>τε</span> <span class='ocrx_word' id='word_1_65' title='bbox 250 910 328 966; x_wconf 82' lang='grc' dir='ltr'>τοῖσι</span> <span class='ocrx_word' id='word_1_66' title='bbox 342 904 424 965; x_wconf 87' lang='grc' dir='ltr'>Ἴωσι</span> <span class='ocrx_word' id='word_1_67' title='bbox 444 905 490 963; x_wconf 85' lang='grc' dir='ltr'>καὶ</span> <span class='ocrx_word' id='word_1_68' title='bbox 510 904 608 981; x_wconf 83' lang='grc' dir='ltr'>Καρσὶ</span> <span class='ocrx_word' id='word_1_69' title='bbox 626 904 749 964; x_wconf 75' lang='grc' dir='ltr'>ποιέεται</span> <span class='ocrx_word' id='word_1_70' title='bbox 763 904 811 964; x_wconf 89' lang='grc' dir='ltr'>καί</span> <span class='ocrx_word' id='word_1_71' title='bbox 822 909 914 979; x_wconf 88' lang='grc' dir='ltr'>σφεας</span> 
     </span>
     <span class='ocr_line' id='line_1_11' title="bbox 104 990 912 1076; baseline -0.001 -23"><span class='ocrx_word' id='word_1_72' title='bbox 104 994 224 1076; x_wconf 82' lang='grc' dir='ltr'>μεγάλα</span> <span class='ocrx_word' id='word_1_73' title='bbox 240 992 460 1071; x_wconf 72' lang='grc' dir='ltr'>ὑπισχνεύμενος</span> <span class='ocrx_word' id='word_1_74' title='bbox 472 992 562 1052; x_wconf 78' lang='grc' dir='ltr'>πείθει</span> <span class='ocrx_word' id='word_1_75' title='bbox 579 990 638 1068; x_wconf 86' lang='grc' dir='ltr'>μετ’</span> <span class='ocrx_word' id='word_1_76' title='bbox 652 995 753 1052; x_wconf 78' lang='grc' dir='ltr'>ἑωυτοῦ</span> <span class='ocrx_word' id='word_1_77' title='bbox 771 992 912 1073; x_wconf 90' lang='grc' dir='ltr'>γενέσθαι·</span> 
     </span>
     <span class='ocr_line' id='line_1_12' title="bbox 106 1077 912 1158; baseline -0.01 -12"><span class='ocrx_word' id='word_1_78' title='bbox 106 1081 148 1146; x_wconf 74' lang='grc' dir='ltr'>αἶς</span> <span class='ocrx_word' id='word_1_79' title='bbox 160 1083 191 1142; x_wconf 72' lang='grc' dir='ltr'>δὲ</span> <span class='ocrx_word' id='word_1_80' title='bbox 204 1082 306 1151; x_wconf 80' lang='grc' dir='ltr'>ἔπεισε,</span> <span class='ocrx_word' id='word_1_81' title='bbox 320 1077 391 1140; x_wconf 77' lang='grc' dir='ltr'>οὕτω</span> <span class='ocrx_word' id='word_1_82' title='bbox 403 1078 462 1158; x_wconf 82' lang='grc' dir='ltr'>ἅμα</span> <span class='ocrx_word' id='word_1_83' title='bbox 479 1083 556 1140; x_wconf 82' lang='grc' dir='ltr'>τοῖσι</span> <span class='ocrx_word' id='word_1_84' title='bbox 575 1078 636 1156; x_wconf 82' lang='grc' dir='ltr'>μετ’</span> <span class='ocrx_word' id='word_1_85' title='bbox 651 1083 751 1140; x_wconf 77' lang='grc' dir='ltr'>ἑωυτοῦ</span> <span class='ocrx_word' id='word_1_86' title='bbox 771 1081 912 1157; x_wconf 83' lang='grc' dir='ltr'>βουλομέ-</span> 
     </span>
     <span class='ocr_line' id='line_1_13' title="bbox 105 1166 914 1250; baseline -0.006 -19"><span class='ocrx_word' id='word_1_87' title='bbox 105 1194 187 1231; x_wconf 90' lang='grc' dir='ltr'>νοισι</span> <span class='ocrx_word' id='word_1_88' title='bbox 213 1169 394 1250; x_wconf 79' lang='grc' dir='ltr'>Αἰγυπτίοισι</span> <span class='ocrx_word' id='word_1_89' title='bbox 419 1167 467 1228; x_wconf 82' lang='grc' dir='ltr'>καὶ</span> <span class='ocrx_word' id='word_1_90' title='bbox 485 1169 564 1228; x_wconf 81' lang='grc' dir='ltr'>τοῖσι</span> <span class='ocrx_word' id='word_1_91' title='bbox 583 1166 757 1246; x_wconf 79' lang='grc' dir='ltr'>ἐπικούροισι</span> <span class='ocrx_word' id='word_1_92' title='bbox 777 1168 914 1246; x_wconf 81' lang='grc' dir='ltr'>καταιρέει</span> 
     </span>
     <span class='ocr_line' id='line_1_14' title="bbox 104 1256 406 1333; baseline 0.003 -15"><span class='ocrx_word' id='word_1_93' title='bbox 104 1256 178 1320; x_wconf 79' lang='grc' dir='ltr'>τούς</span> <span class='ocrx_word' id='word_1_94' title='bbox 188 1258 340 1333; x_wconf 79' lang='grc' dir='ltr'>βασιλέας.</span> <span class='ocrx_word' id='word_1_95' title='bbox 398 1275 406 1284; x_wconf 88' lang='grc'><em>“</em></span> 
     </span>
    </p>

    <p class='ocr_par' dir='ltr' id='par_1_2' title="bbox 105 1339 961 3353">
     <span class='ocr_line' id='line_1_15' title="bbox 152 1339 961 1424; baseline -0.004 -20"><span class='ocrx_word' id='word_1_96' title='bbox 152 1344 307 1421; x_wconf 75' lang='grc' dir='ltr'>Κρατήσας</span> <span class='ocrx_word' id='word_1_97' title='bbox 328 1343 359 1403; x_wconf 79' lang='grc' dir='ltr'>δὲ</span> <span class='ocrx_word' id='word_1_98' title='bbox 381 1341 526 1424; x_wconf 74' lang='grc' dir='ltr'>Αἰγύπτου</span> <span class='ocrx_word' id='word_1_99' title='bbox 548 1339 645 1418; x_wconf 89' lang='grc' dir='ltr'>πάσης</span> <span class='ocrx_word' id='word_1_100' title='bbox 668 1339 684 1401; x_wconf 88' lang='grc' dir='ltr'>ό</span> <span class='ocrx_word' id='word_1_101' title='bbox 706 1340 892 1419; x_wconf 79' lang='grc' dir='ltr'>Ψαμμίτιχος,</span> <span class='ocrx_word' id='word_1_102' title='bbox 902 1343 961 1401; x_wconf 86' lang='grc'>153</span> 
     </span>
     <span class='ocr_line' id='line_1_16' title="bbox 107 1427 914 1511; baseline -0.002 -19"><span class='ocrx_word' id='word_1_103' title='bbox 107 1432 230 1508; x_wconf 72' lang='grc' dir='ltr'>ἐποίησε</span> <span class='ocrx_word' id='word_1_104' title='bbox 241 1436 280 1511; x_wconf 75' lang='grc' dir='ltr'>τῷ</span> <span class='ocrx_word' id='word_1_105' title='bbox 290 1431 442 1510; x_wconf 83' lang='grc' dir='ltr'>Ἡφαίστῳ</span> <span class='ocrx_word' id='word_1_106' title='bbox 451 1428 616 1508; x_wconf 88' lang='grc' dir='ltr'>προπύλαια</span> <span class='ocrx_word' id='word_1_107' title='bbox 629 1433 659 1488; x_wconf 81' lang='grc' dir='ltr'>ἐν</span> <span class='ocrx_word' id='word_1_108' title='bbox 672 1427 830 1506; x_wconf 88' lang='grc' dir='ltr'>Μέμφι,τά</span> <span class='ocrx_word' id='word_1_109' title='bbox 843 1427 914 1505; x_wconf 83' lang='grc' dir='ltr'>πρός</span> 
     </span>
     <span class='ocr_line' id='line_1_17' title="bbox 106 1514 913 1597; baseline -0.006 -16"><span class='ocrx_word' id='word_1_110' title='bbox 106 1519 193 1581; x_wconf 84' lang='grc' dir='ltr'>νότον</span> <span class='ocrx_word' id='word_1_111' title='bbox 210 1519 313 1597; x_wconf 86' lang='grc' dir='ltr'>ἀνεμον</span> <span class='ocrx_word' id='word_1_112' title='bbox 330 1518 515 1596; x_wconf 85' lang='grc' dir='ltr'>τετραμμένα·</span> <span class='ocrx_word' id='word_1_113' title='bbox 535 1515 626 1592; x_wconf 77' lang='grc' dir='ltr'>αὐλήν</span> <span class='ocrx_word' id='word_1_114' title='bbox 639 1541 670 1577; x_wconf 87' lang='grc' dir='ltr'>τε</span> <span class='ocrx_word' id='word_1_115' title='bbox 687 1519 726 1594; x_wconf 75' lang='grc' dir='ltr'>τῷ</span> <span class='ocrx_word' id='word_1_116' title='bbox 737 1514 818 1587; x_wconf 77' lang='grc' dir='ltr'>Ἀπι,</span> <span class='ocrx_word' id='word_1_117' title='bbox 832 1521 861 1576; x_wconf 75' lang='grc' dir='ltr'>ἐν</span> <span class='ocrx_word' id='word_1_118' title='bbox 876 1520 913 1595; x_wconf 80' lang='grc' dir='ltr'>τῇ</span> 
     </span>
     <span class='ocr_line' id='line_1_18' title="bbox 105 1601 914 1684; baseline -0.004 -17"><span class='ocrx_word' id='word_1_119' title='bbox 105 1608 244 1684; x_wconf 88' lang='grc' dir='ltr'>τρέφεται</span> <span class='ocrx_word' id='word_1_120' title='bbox 263 1606 444 1684; x_wconf 63' lang='grc' dir='ltr'>ἔπεάννφανῇ</span> <span class='ocrx_word' id='word_1_121' title='bbox 462 1605 478 1664; x_wconf 86' lang='grc' dir='ltr'>ό</span> <span class='ocrx_word' id='word_1_122' title='bbox 493 1603 588 1675; x_wconf 80' lang='grc' dir='ltr'>Ἀπις,</span> <span class='ocrx_word' id='word_1_123' title='bbox 605 1601 774 1681; x_wconf 81' lang='grc' dir='ltr'>οἰκοδόμησε</span> <span class='ocrx_word' id='word_1_124' title='bbox 792 1605 914 1664; x_wconf 87' lang='grc' dir='ltr'>ε’ναντίον</span> 
     </span>
     <span class='ocr_line' id='line_1_19' title="bbox 106 1691 913 1773; baseline -0.006 -17"><span class='ocrx_word' id='word_1_125' title='bbox 106 1699 168 1757; x_wconf 80' lang='grc' dir='ltr'>τῶν</span> <span class='ocrx_word' id='word_1_126' title='bbox 186 1693 375 1773; x_wconf 83' lang='grc' dir='ltr'>προπυλαίων,</span> <span class='ocrx_word' id='word_1_127' title='bbox 391 1691 488 1754; x_wconf 79' lang='grc' dir='ltr'>πᾶσάν</span> <span class='ocrx_word' id='word_1_128' title='bbox 505 1716 538 1754; x_wconf 94' lang='grc' dir='ltr'>τε</span> <span class='ocrx_word' id='word_1_129' title='bbox 557 1693 729 1770; x_wconf 89' lang='grc' dir='ltr'>περίστυλον</span> <span class='ocrx_word' id='word_1_130' title='bbox 747 1694 849 1753; x_wconf 79' lang='grc' dir='ltr'>έοῦσαν</span> <span class='ocrx_word' id='word_1_131' title='bbox 866 1691 913 1752; x_wconf 85' lang='grc' dir='ltr'>καὶ</span> 
     </span>
     <span class='ocr_line' id='line_1_20' title="bbox 106 1780 913 1859; baseline -0.006 -15"><span class='ocrx_word' id='word_1_132' title='bbox 106 1782 204 1844; x_wconf 85' lang='grc' dir='ltr'>τύπων</span> <span class='ocrx_word' id='word_1_133' title='bbox 224 1783 324 1859; x_wconf 86' lang='grc' dir='ltr'>πλέην·</span> <span class='ocrx_word' id='word_1_134' title='bbox 350 1781 413 1842; x_wconf 86' lang='grc' dir='ltr'>ἀντὶ</span> <span class='ocrx_word' id='word_1_135' title='bbox 432 1782 463 1841; x_wconf 76' lang='grc' dir='ltr'>δὲ</span> <span class='ocrx_word' id='word_1_136' title='bbox 485 1780 591 1852; x_wconf 90' lang='grc' dir='ltr'>κιόνων,</span> <span class='ocrx_word' id='word_1_137' title='bbox 612 1780 753 1841; x_wconf 76' lang='grc' dir='ltr'>ὑπεστᾶσι</span> <span class='ocrx_word' id='word_1_138' title='bbox 774 1780 913 1841; x_wconf 85' lang='grc' dir='ltr'>κολοσσοὶ</span> 
     </span>
     <span class='ocr_line' id='line_1_21' title="bbox 107 1866 913 1949; baseline -0.005 -19"><span class='ocrx_word' id='word_1_139' title='bbox 107 1870 335 1949; x_wconf 82' lang='grc' dir='ltr'>δυωδεκαπήχεες</span> <span class='ocrx_word' id='word_1_140' title='bbox 347 1873 383 1946; x_wconf 77' lang='grc' dir='ltr'>πῆ</span> <span class='ocrx_word' id='word_1_141' title='bbox 393 1868 478 1948; x_wconf 83' lang='grc' dir='ltr'>αύλῇ·</span> <span class='ocrx_word' id='word_1_142' title='bbox 496 1868 512 1929; x_wconf 87' lang='grc' dir='ltr'>ό</span> <span class='ocrx_word' id='word_1_143' title='bbox 526 1869 556 1928; x_wconf 81' lang='grc' dir='ltr'>δὲ</span> <span class='ocrx_word' id='word_1_144' title='bbox 565 1867 650 1932; x_wconf 81' lang='grc' dir='ltr'>Ἀπις</span> <span class='ocrx_word' id='word_1_145' title='bbox 663 1867 733 1927; x_wconf 86' lang='grc' dir='ltr'>κατά</span> <span class='ocrx_word' id='word_1_146' title='bbox 746 1867 798 1944; x_wconf 79' lang='grc' dir='ltr'>τήν</span> <span class='ocrx_word' id='word_1_147' title='bbox 810 1866 913 1944; x_wconf 84' lang='grc' dir='ltr'>Ἑλλή-</span> 
     </span>
     <span class='ocr_line' id='line_1_22' title="bbox 107 1955 960 2040; baseline -0.006 -21"><span class='ocrx_word' id='word_1_148' title='bbox 107 1984 166 2019; x_wconf 88' lang='grc' dir='ltr'>νων</span> <span class='ocrx_word' id='word_1_149' title='bbox 180 1958 319 2040; x_wconf 76' lang='grc' dir='ltr'>γλιῧσσάν</span> <span class='ocrx_word' id='word_1_150' title='bbox 337 1962 400 2018; x_wconf 88' lang='grc' dir='ltr'>ε’στι</span> <span class='ocrx_word' id='word_1_151' title='bbox 413 1956 557 2033; x_wconf 83' lang='grc' dir='ltr'>Ἔπαφος.</span> <span class='ocrx_word' id='word_1_152' title='bbox 598 1959 681 2016; x_wconf 78' lang='grc' dir='ltr'>Τοῖσι</span> <span class='ocrx_word' id='word_1_153' title='bbox 701 1955 731 2014; x_wconf 76' lang='grc' dir='ltr'>δὲ</span> <span class='ocrx_word' id='word_1_154' title='bbox 746 1955 827 2015; x_wconf 91' lang='grc' dir='ltr'>ΙΊωσι</span> <span class='ocrx_word' id='word_1_155' title='bbox 847 1956 893 2014; x_wconf 86' lang='grc' dir='ltr'>καὶ</span> <span class='ocrx_word' id='word_1_156' title='bbox 903 1956 960 2014; x_wconf 81' lang='grc'>154</span> 
     </span>
     <span class='ocr_line' id='line_1_23' title="bbox 107 2040 914 2125; baseline -0.006 -19"><span class='ocrx_word' id='word_1_157' title='bbox 107 2049 188 2107; x_wconf 81' lang='grc' dir='ltr'>τοῖσι</span> <span class='ocrx_word' id='word_1_158' title='bbox 215 2048 313 2124; x_wconf 79' lang='grc' dir='ltr'>Καρσὶ</span> <span class='ocrx_word' id='word_1_159' title='bbox 338 2049 416 2105; x_wconf 80' lang='grc' dir='ltr'>τοῖσι</span> <span class='ocrx_word' id='word_1_160' title='bbox 443 2042 771 2125; x_wconf 84' lang='grc' dir='ltr'>συγκατεργασαμένοισι</span> <span class='ocrx_word' id='word_1_161' title='bbox 798 2042 871 2120; x_wconf 78' lang='grc' dir='ltr'>αύτῷ</span> <span class='ocrx_word' id='word_1_162' title='bbox 896 2040 914 2101; x_wconf 88' lang='grc' dir='ltr'>ἀ</span> 
     </span>
     <span class='ocr_line' id='line_1_24' title="bbox 108 2127 914 2213; baseline -0.01 -19"><span class='ocrx_word' id='word_1_163' title='bbox 108 2134 289 2213; x_wconf 80' lang='grc' dir='ltr'>Ψαμμίτιχος</span> <span class='ocrx_word' id='word_1_164' title='bbox 305 2134 402 2193; x_wconf 89' lang='grc' dir='ltr'>δίδωσι</span> <span class='ocrx_word' id='word_1_165' title='bbox 417 2131 526 2211; x_wconf 81' lang='grc' dir='ltr'>χοίρους</span> <span class='ocrx_word' id='word_1_166' title='bbox 542 2134 685 2205; x_wconf 80' lang='grc' dir='ltr'>ἐνοικῆσαι</span> <span class='ocrx_word' id='word_1_167' title='bbox 701 2128 810 2191; x_wconf 78' lang='grc' dir='ltr'>ἀντίους</span> <span class='ocrx_word' id='word_1_168' title='bbox 825 2127 914 2205; x_wconf 85' lang='grc' dir='ltr'>ἀλλή-</span> 
     </span>
     <span class='ocr_line' id='line_1_25' title="bbox 108 2214 914 2298; baseline -0.007 -17"><span class='ocrx_word' id='word_1_169' title='bbox 108 2226 178 2293; x_wconf 90' lang='grc' dir='ltr'>λων,</span> <span class='ocrx_word' id='word_1_170' title='bbox 191 2226 241 2282; x_wconf 86' lang='grc' dir='ltr'>τοῦ</span> <span class='ocrx_word' id='word_1_171' title='bbox 259 2222 368 2282; x_wconf 84' lang='grc' dir='ltr'>Νείλου</span> <span class='ocrx_word' id='word_1_172' title='bbox 385 2219 419 2281; x_wconf 80' lang='grc' dir='ltr'>τό</span> <span class='ocrx_word' id='word_1_173' title='bbox 436 2221 527 2297; x_wconf 88' lang='grc' dir='ltr'>μέσον</span> <span class='ocrx_word' id='word_1_174' title='bbox 545 2218 665 2298; x_wconf 81' lang='grc' dir='ltr'>ἔχοντος,</span> <span class='ocrx_word' id='word_1_175' title='bbox 679 2220 755 2276; x_wconf 82' lang='grc' dir='ltr'>τοῖσι</span> <span class='ocrx_word' id='word_1_176' title='bbox 773 2214 914 2291; x_wconf 76' lang='grc' dir='ltr'>οὐνόματα</span> 
     </span>
     <span class='ocr_line' id='line_1_26' title="bbox 111 2301 915 2387; baseline -0.011 -17"><span class='ocrx_word' id='word_1_177' title='bbox 111 2311 195 2386; x_wconf 80' lang='grc' dir='ltr'>ἐτέθη</span> <span class='ocrx_word' id='word_1_178' title='bbox 211 2308 401 2387; x_wconf 81' lang='grc' dir='ltr'>Στρατόπεδα·</span> <span class='ocrx_word' id='word_1_179' title='bbox 422 2306 537 2369; x_wconf 86' lang='grc' dir='ltr'>τούτους</span> <span class='ocrx_word' id='word_1_180' title='bbox 554 2329 585 2364; x_wconf 93' lang='grc' dir='ltr'>τε</span> <span class='ocrx_word' id='word_1_181' title='bbox 604 2304 638 2380; x_wconf 88' lang='grc' dir='ltr'>δή</span> <span class='ocrx_word' id='word_1_182' title='bbox 654 2309 711 2380; x_wconf 89' lang='grc' dir='ltr'>σφι</span> <span class='ocrx_word' id='word_1_183' title='bbox 726 2301 792 2367; x_wconf 81' lang='grc' dir='ltr'>τούς</span> <span class='ocrx_word' id='word_1_184' title='bbox 807 2302 915 2381; x_wconf 78' lang='grc' dir='ltr'>χώρους</span> 
     </span>
     <span class='ocr_line' id='line_1_27' title="bbox 110 2390 915 2472; baseline -0.011 -14"><span class='ocrx_word' id='word_1_185' title='bbox 110 2397 210 2458; x_wconf 87' lang='grc' dir='ltr'>δίδωσι</span> <span class='ocrx_word' id='word_1_186' title='bbox 225 2398 271 2456; x_wconf 88' lang='grc' dir='ltr'>καὶ</span> <span class='ocrx_word' id='word_1_187' title='bbox 288 2395 383 2456; x_wconf 84' lang='grc' dir='ltr'>πόλλα</span> <span class='ocrx_word' id='word_1_188' title='bbox 400 2394 436 2456; x_wconf 86' lang='grc' dir='ltr'>τά</span> <span class='ocrx_word' id='word_1_189' title='bbox 453 2394 596 2472; x_wconf 84' lang='grc' dir='ltr'>ἀπέσχετο</span> <span class='ocrx_word' id='word_1_190' title='bbox 612 2390 703 2453; x_wconf 92' lang='grc' dir='ltr'>πάντα</span> <span class='ocrx_word' id='word_1_191' title='bbox 723 2390 852 2465; x_wconf 87' lang='grc' dir='ltr'>ἀπέδωκε,</span> <span class='ocrx_word' id='word_1_192' title='bbox 868 2390 915 2449; x_wconf 87' lang='grc' dir='ltr'>καὶ</span> 
     </span>
     <span class='ocr_line' id='line_1_28' title="bbox 111 2478 915 2561; baseline -0.006 -17"><span class='ocrx_word' id='word_1_193' title='bbox 111 2485 148 2561; x_wconf 77' lang='grc' dir='ltr'>δή</span> <span class='ocrx_word' id='word_1_194' title='bbox 172 2486 220 2546; x_wconf 81' lang='grc' dir='ltr'>καὶ</span> <span class='ocrx_word' id='word_1_195' title='bbox 242 2484 343 2547; x_wconf 84' lang='grc' dir='ltr'>παῖδας</span> <span class='ocrx_word' id='word_1_196' title='bbox 365 2483 515 2560; x_wconf 86' lang='grc' dir='ltr'>παρέβαλε</span> <span class='ocrx_word' id='word_1_197' title='bbox 537 2479 649 2540; x_wconf 85' lang='grc' dir='ltr'>αύτοῖσι</span> <span class='ocrx_word' id='word_1_198' title='bbox 672 2480 840 2561; x_wconf 84' lang='grc' dir='ltr'>Αἰγυπτίους</span> <span class='ocrx_word' id='word_1_199' title='bbox 862 2478 915 2554; x_wconf 76' lang='grc' dir='ltr'>τήν</span> 
     </span>
     <span class='ocr_line' id='line_1_29' title="bbox 110 2566 915 2653; baseline -0.006 -21"><span class='ocrx_word' id='word_1_200' title='bbox 110 2571 242 2633; x_wconf 73' lang='grc' dir='ltr'>Ἐλλάδα</span> <span class='ocrx_word' id='word_1_201' title='bbox 263 2575 403 2653; x_wconf 78' lang='grc' dir='ltr'>γλῶσσαν</span> <span class='ocrx_word' id='word_1_202' title='bbox 427 2568 649 2629; x_wconf 79' lang='grc' dir='ltr'>ἐκδιδάσκεσθαι·</span> <span class='ocrx_word' id='word_1_203' title='bbox 676 2566 732 2628; x_wconf 84' lang='grc' dir='ltr'>ἀπά</span> <span class='ocrx_word' id='word_1_204' title='bbox 755 2568 786 2627; x_wconf 78' lang='grc' dir='ltr'>δὲ</span> <span class='ocrx_word' id='word_1_205' title='bbox 810 2566 915 2627; x_wconf 85' lang='grc' dir='ltr'>τούτων</span> 
     </span>
     <span class='ocr_line' id='line_1_30' title="bbox 111 2652 914 2740; baseline -0.009 -21"><span class='ocrx_word' id='word_1_206' title='bbox 111 2659 289 2736; x_wconf 86' lang='grc' dir='ltr'>ε’κμαθόντων</span> <span class='ocrx_word' id='word_1_207' title='bbox 303 2660 356 2735; x_wconf 81' lang='grc' dir='ltr'>τήν</span> <span class='ocrx_word' id='word_1_208' title='bbox 373 2660 513 2740; x_wconf 77' lang='grc' dir='ltr'>γλῶσσαν</span> <span class='ocrx_word' id='word_1_209' title='bbox 530 2659 558 2716; x_wconf 83' lang='grc' dir='ltr'>οἱ</span> <span class='ocrx_word' id='word_1_210' title='bbox 573 2659 622 2717; x_wconf 83' lang='grc' dir='ltr'>νῦν</span> <span class='ocrx_word' id='word_1_211' title='bbox 642 2657 770 2733; x_wconf 76' lang='grc' dir='ltr'>ἑρμηνέες</span> <span class='ocrx_word' id='word_1_212' title='bbox 786 2660 815 2716; x_wconf 92' lang='grc' dir='ltr'>ε’ν</span> <span class='ocrx_word' id='word_1_213' title='bbox 831 2652 914 2736; x_wconf 61' lang='lat' dir='ltr'>Atys»</span> 
     </span>
     <span class='ocr_line' id='line_1_31' title="bbox 110 2742 916 2829; baseline -0.005 -20"><span class='ocrx_word' id='word_1_214' title='bbox 110 2773 174 2826; x_wconf 84' lang='grc' dir='ltr'>πτιρ</span> <span class='ocrx_word' id='word_1_215' title='bbox 186 2746 330 2829; x_wconf 89' lang='grc' dir='ltr'>γεγόνασι.</span> <span class='ocrx_word' id='word_1_216' title='bbox 364 2748 392 2806; x_wconf 84' lang='grc' dir='ltr'>οἶ</span> <span class='ocrx_word' id='word_1_217' title='bbox 409 2745 440 2805; x_wconf 73' lang='grc' dir='ltr'>δὲ</span> <span class='ocrx_word' id='word_1_218' title='bbox 453 2744 547 2808; x_wconf 85' lang='grc' dir='ltr'>Ἴωνές</span> <span class='ocrx_word' id='word_1_219' title='bbox 557 2769 589 2805; x_wconf 88' lang='grc' dir='ltr'>τε</span> <span class='ocrx_word' id='word_1_220' title='bbox 599 2744 645 2802; x_wconf 88' lang='grc' dir='ltr'>καὶ</span> <span class='ocrx_word' id='word_1_221' title='bbox 658 2746 685 2802; x_wconf 89' lang='grc' dir='ltr'>οἱ</span> <span class='ocrx_word' id='word_1_222' title='bbox 699 2747 792 2819; x_wconf 78' lang='grc' dir='ltr'>Κᾶρες</span> <span class='ocrx_word' id='word_1_223' title='bbox 801 2742 916 2805; x_wconf 81' lang='grc' dir='ltr'>τούτους</span> 
     </span>
     <span class='ocr_line' id='line_1_32' title="bbox 110 2828 916 2913; baseline -0.009 -19"><span class='ocrx_word' id='word_1_224' title='bbox 110 2833 179 2898; x_wconf 81' lang='grc' dir='ltr'>τούς</span> <span class='ocrx_word' id='word_1_225' title='bbox 200 2832 308 2913; x_wconf 77' lang='grc' dir='ltr'>χοίρους</span> <span class='ocrx_word' id='word_1_226' title='bbox 328 2834 447 2911; x_wconf 82' lang='grc' dir='ltr'>οἴκησαν</span> <span class='ocrx_word' id='word_1_227' title='bbox 467 2832 571 2912; x_wconf 91' lang='grc' dir='ltr'>χρόνον</span> <span class='ocrx_word' id='word_1_228' title='bbox 592 2831 639 2891; x_wconf 86' lang='grc' dir='ltr'>ε’πὶ</span> <span class='ocrx_word' id='word_1_229' title='bbox 659 2828 779 2889; x_wconf 88' lang='grc' dir='ltr'>πολλόν·</span> <span class='ocrx_word' id='word_1_230' title='bbox 807 2829 862 2888; x_wconf 81' lang='grc' dir='ltr'>εἶσὶ</span> <span class='ocrx_word' id='word_1_231' title='bbox 886 2828 916 2889; x_wconf 79' lang='grc' dir='ltr'>δὲ</span> 
     </span>
     <span class='ocr_line' id='line_1_33' title="bbox 112 2915 915 3000; baseline -0.007 -20"><span class='ocrx_word' id='word_1_232' title='bbox 112 2918 192 2980; x_wconf 70' lang='grc' dir='ltr'>οὗτοι</span> <span class='ocrx_word' id='word_1_233' title='bbox 207 2924 235 2980; x_wconf 79' lang='grc' dir='ltr'>οἱ</span> <span class='ocrx_word' id='word_1_234' title='bbox 251 2924 338 3000; x_wconf 74' lang='grc' dir='ltr'>χῶροι</span> <span class='ocrx_word' id='word_1_235' title='bbox 356 2919 426 2997; x_wconf 84' lang='grc' dir='ltr'>πράς</span> <span class='ocrx_word' id='word_1_236' title='bbox 444 2918 604 2993; x_wconf 83' lang='grc' dir='ltr'>θαλάσσης,</span> <span class='ocrx_word' id='word_1_237' title='bbox 621 2916 719 2996; x_wconf 89' lang='grc' dir='ltr'>ἀλίγον</span> <span class='ocrx_word' id='word_1_238' title='bbox 737 2915 828 2992; x_wconf 82' lang='grc' dir='ltr'>ἔνερθε</span> <span class='ocrx_word' id='word_1_239' title='bbox 846 2922 915 2975; x_wconf 91' lang='grc' dir='ltr'>Βου-</span> 
     </span>
     <span class='ocr_line' id='line_1_34' title="bbox 113 3002 916 3085; baseline -0.01 -16"><span class='ocrx_word' id='word_1_240' title='bbox 113 3007 237 3085; x_wconf 84' lang='grc' dir='ltr'>βάστιος</span> <span class='ocrx_word' id='word_1_241' title='bbox 246 3008 354 3077; x_wconf 89' lang='grc' dir='ltr'>πόλιος,</span> <span class='ocrx_word' id='word_1_242' title='bbox 363 3007 409 3065; x_wconf 84' lang='grc' dir='ltr'>ε’πὶ</span> <span class='ocrx_word' id='word_1_243' title='bbox 418 3010 456 3084; x_wconf 76' lang='grc' dir='ltr'>τῷ</span> <span class='ocrx_word' id='word_1_244' title='bbox 464 3005 619 3083; x_wconf 84' lang='grc' dir='ltr'>Πηλουσίῳ</span> <span class='ocrx_word' id='word_1_245' title='bbox 628 3002 786 3082; x_wconf 81' lang='grc' dir='ltr'>καλευμένῳ</span> <span class='ocrx_word' id='word_1_246' title='bbox 795 3002 916 3079; x_wconf 90' lang='grc' dir='ltr'>στόματι</span> 
     </span>
     <span class='ocr_line' id='line_1_35' title="bbox 113 3089 918 3170; baseline -0.009 -16"><span class='ocrx_word' id='word_1_247' title='bbox 113 3098 166 3154; x_wconf 81' lang='grc' dir='ltr'>τοῦ</span> <span class='ocrx_word' id='word_1_248' title='bbox 176 3096 292 3153; x_wconf 87' lang='grc' dir='ltr'>Νείλου·</span> <span class='ocrx_word' id='word_1_249' title='bbox 311 3092 426 3155; x_wconf 91' lang='grc' dir='ltr'>τούτους</span> <span class='ocrx_word' id='word_1_250' title='bbox 438 3096 490 3167; x_wconf 77' lang='grc' dir='ltr'>μὲν</span> <span class='ocrx_word' id='word_1_251' title='bbox 504 3092 539 3166; x_wconf 75' lang='grc' dir='ltr'>δή</span> <span class='ocrx_word' id='word_1_252' title='bbox 549 3089 641 3170; x_wconf 82' lang='grc' dir='ltr'>χρόνῳ</span> <span class='ocrx_word' id='word_1_253' title='bbox 651 3090 769 3166; x_wconf 79' lang='grc' dir='ltr'>ὕστερον</span> <span class='ocrx_word' id='word_1_254' title='bbox 778 3090 918 3166; x_wconf 81' lang='grc' dir='ltr'>βασιλεύς</span> 
     </span>
     <span class='ocr_line' id='line_1_36' title="bbox 108 3177 916 3258; baseline -0.007 -17"><span class='ocrx_word' id='word_1_255' title='bbox 108 3181 237 3258; x_wconf 86' lang='grc' dir='ltr'>Ἀμασις</span> <span class='ocrx_word' id='word_1_256' title='bbox 250 3178 443 3254; x_wconf 80' lang='grc' dir='ltr'>ἐξαναστήσας</span> <span class='ocrx_word' id='word_1_257' title='bbox 455 3178 579 3239; x_wconf 74' lang='grc' dir='ltr'>ἐνθεῦτεν</span> <span class='ocrx_word' id='word_1_258' title='bbox 593 3178 734 3237; x_wconf 89' lang='grc' dir='ltr'>κατοίκισε</span> <span class='ocrx_word' id='word_1_259' title='bbox 748 3180 775 3238; x_wconf 80' lang='grc' dir='ltr'>ἐς</span> <span class='ocrx_word' id='word_1_260' title='bbox 789 3177 916 3254; x_wconf 82' lang='grc' dir='ltr'>Μέμφιν,</span> 
     </span>
     <span class='ocr_line' id='line_1_37' title="bbox 116 3262 918 3353; baseline -0.007 -26"><span class='ocrx_word' id='word_1_261' title='bbox 116 3267 251 3353; x_wconf 80' lang='grc' dir='ltr'>φυλακήν</span> <span class='ocrx_word' id='word_1_262' title='bbox 261 3270 361 3327; x_wconf 77' lang='grc' dir='ltr'>ἑωυτοῦ</span> <span class='ocrx_word' id='word_1_263' title='bbox 374 3264 532 3342; x_wconf 77' lang='grc' dir='ltr'>ποιεύμενος</span> <span class='ocrx_word' id='word_1_264' title='bbox 543 3264 612 3341; x_wconf 80' lang='grc' dir='ltr'>πρός</span> <span class='ocrx_word' id='word_1_265' title='bbox 621 3264 785 3342; x_wconf 79' lang='grc' dir='ltr'>Αἰγυπτίων.</span> <span class='ocrx_word' id='word_1_266' title='bbox 815 3262 918 3324; x_wconf 88' lang='grc' dir='ltr'>τούτων</span> 
     </span>
    </p>
   </div>
   <div class='ocr_carea' id='block_1_2' title="bbox 0 0 1089 3500">
    <p class='ocr_par' dir='ltr' id='par_1_3' title="bbox 0 0 1089 3500">
     <span class='ocr_line' id='line_1_38' title="bbox 0 0 1089 3500; baseline 0 0"><span class='ocrx_word' id='word_1_267' title='bbox 0 0 1089 3500; x_wconf 95' lang='lat' dir='ltr'> </span> 
     </span>
    </p>
   </div>
  </div>
 </body>
</html>
