2150 3500
86 133 197 197 ιιι-οι]
409 137 572 186 mma.
841 139 889 189 ιω

86 214 118 273 δέ
130 213 242 273 αὐτοῖσι
252 213 409 290 ἀνδριάντες
422 214 471 274 δύο
485 218 588 275 ἐστᾶσι
597 215 701 276 λίθινοι
713 215 844 296 μεγάλοι·
859 221 889 278 ἐν

85 300 118 360 δέ
129 304 168 379 τῷ
180 302 417 381 περιβεβλημένῳ
425 302 514 382 τούτῳ
527 301 593 378 νηός
605 329 636 362 τε
649 304 696 376 ἔνι,
712 303 758 362 καὶ
771 302 888 384 ἄγαλμα

85 393 117 447 ἐν
134 387 209 468 αὐτῷ
226 389 357 464 ἐνέστηκε
375 392 426 449 τοῦ
443 390 580 467 Περσέος.
602 387 679 450 οὗτοι
698 394 724 450 οἱ
745 395 888 468 Χεμμῖται

84 477 206 557 λέγουσι
217 475 267 537 τόν
279 478 395 553 Περσέα
410 476 535 536 πολλάκι
547 479 600 554 μὲν
616 476 669 538 α’νεὶ
682 476 734 553 τήν
746 481 801 558 γῆν
820 479 885 554 φαί·

84 564 188 624 νεσθαί
201 569 266 639 σφι,
279 563 405 623 τολλιίκι
418 564 448 624 δέ
462 566 517 625 ἐσω
529 569 580 625 τοῦ
598 567 668 643 ίροΰ·
690 565 843 627 σανδάλιόν
855 591 887 628 τε

84 650 171 712 αὐτοῦ
183 652 380 730 πεφορημένον
393 652 581 729 εὑρίσκεσθαι,
599 652 646 713 ἐόν
658 654 692 715 τό
707 654 830 735 μέγαθος
846 655 885 715 δί·

82 765 173 819 πηχυ·
202 741 236 801 τό
255 739 338 800 ἐπεὰν
351 744 437 819 φανῇ,
452 740 590 818 εὐθηνέειν
603 740 720 802 ἅπασαν
732 742 885 822 Αἴγυπτον.

82 831 174 888 ταῦτα
191 830 244 904 μὲν
260 829 387 909 λέγουσι·
406 832 519 888 ποιεῦσι
539 829 570 888 δὲ
588 829 654 890 τόδε
672 829 827 905 Ἑλληνικαὶ
845 833 885 910 τῷ

83 916 204 994 Περσέῖ·
225 915 319 997 ἀγῶνα
330 914 466 998 γυμνικόν
478 917 582 976 τιθεῖσι
598 915 644 976 διδ
656 916 752 993 πόσης
765 915 884 997 ἅγωνίης

82 1004 193 1081 ἔχοντα,
211 1003 379 1082 παρέχοντες
400 1002 490 1064 ἄεθλα
510 1004 611 1080 κτήνεα
632 1004 678 1063 καὶ
699 1004 818 1083 χλαίνας
838 1005 884 1065 καὶ

82 1091 218 1168 δέρματα.
252 1093 394 1168 εἰρομένου
406 1091 438 1150 δέ
452 1117 506 1169 μευ
517 1091 537 1162 ιὅ
552 1116 580 1151 τι
598 1097 654 1167 σφι
668 1089 799 1168 μούνοισι
817 1092 884 1152 ἔωθε

81 1178 100 1239 ό
119 1178 247 1257 Περσεδς
265 1179 472 1255 ἐπιφαίνεσθαι,
489 1179 535 1238 καὶ
554 1177 570 1238 ὅ
588 1204 617 1238 τι
637 1179 818 1257 κεχωρίδαται
834 1184 882 1240 Αί-

80 1269 207 1347 γυπτίων
215 1270 270 1328 τῶν
280 1264 377 1327 ἄλλων
385 1265 479 1347 οἶγῶνα
486 1265 620 1347 γυμνικόν
629 1267 759 1336 τιθέντες,
771 1267 882 1342 ἔφασαν

81 1355 161 1416 “τὸν
175 1355 291 1432 Περσέα
307 1359 338 1413 ἐκ
355 1358 406 1430 της
421 1356 528 1415 ἑωυτῶν
546 1353 647 1417 πόλιος
659 1354 813 1433 γεγονέναι·
832 1353 883 1415 τόν

80 1441 139 1523 γὰρ
155 1443 268 1531 Δαναόν
285 1442 332 1501 καὶ
348 1442 399 1502 τόν
413 1443 534 1522 Λυγκέα,
555 1439 650 1504 ἐόντας
668 1440 822 1518 Χεμμίτας,
839 1445 881 1501 ἐκ·

79 1536 198 1591 πλῶσαι
211 1537 239 1594 ἐς
250 1530 302 1607 την
313 1530 450 1590 Ἑλλάδα·
458 1530 473 1550 ”
490 1529 546 1590 οἷπό
560 1529 590 1589 δὲ
602 1528 708 1590 τούτων
718 1529 881 1610 γενεηλογέ-

80 1644 167 1694 οντες,
186 1620 351 1695 κατέβαινον
370 1623 397 1682 ἐς
416 1617 468 1679 τόν
487 1618 613 1696 Περσέα·
635 1615 831 1693 ((ἇπικόμενον
850 1617 880 1676 δὲ

79 1705 172 1768 αὐτόν·
187 1711 215 1771 ἐς
234 1706 386 1789 Αἴγυπτον,
407 1705 465 1766 κατ’
485 1707 576 1783 αἰτίην
598 1704 650 1781 τὴν
673 1705 719 1765 καὶ
741 1703 881 1783 Ἕλληνες

78 1795 208 1877 λέγουσι,
223 1796 338 1856 οἴσοντα
358 1799 388 1853 ἐκ
404 1792 514 1871 Λιβύης
529 1794 583 1870 την
601 1796 725 1873 Γοργοῦς
743 1793 879 1870 κεφαλήν,

79 1885 195 1960 ἔφασαν
210 1884 302 1943 ἐλθεῖν
315 1883 362 1941 καὶ
377 1882 454 1959 παροῖ
469 1882 562 1958 σφέας
579 1882 625 1940 καὶ
642 1880 798 1962 α’ναγνιδναι
814 1880 880 1943 τούς

78 1972 234 2054 συγγενέας
250 1970 365 2034 πάντας·
386 1968 599 2047 ἐκμεμαθηκότα
617 1968 648 2027 δέ
663 1993 712 2046 μιν
727 1966 879 2027 ἀπικέσθαι

79 2064 109 2123 ἐς
130 2060 274 2141 Αἴγυπτον
291 2058 326 2119 τό
344 2061 396 2134 τῆς
416 2058 544 2134 Χέμμιος
566 2054 680 2132 οὕνομα,
697 2054 885 2131 πεπυσμένον.

78 2147 158 2225 παρὰ
183 2150 233 2224 τῆς
259 2145 373 2225 μητρός·
400 2143 495 2227 αἷγῶνα
520 2145 552 2205 δέ
577 2146 605 2203 οἱ
630 2141 764 2224 γυμνικόν
790 2140 876 2202 αὐτοῦ

78 2235 264 2299 κελεύσαντος
278 2232 466 2314 ἐπιτελέειν.”)

120 2328 214 2386 Ταῦτα
225 2327 277 2401 μὲν
289 2322 381 2383 πάντα
396 2325 424 2381 οἶ
440 2318 595 2398 κατόπερθε
609 2322 665 2380 τῶν
678 2318 762 2379 ἐλέων
775 2317 876 2377 οἰκέον-
885 2318 924 2378 92

77 2438 125 2477 τες
147 2412 297 2495 Αἰγύπτιοι
317 2411 470 2488 νομίζουσι·
495 2412 523 2469 αἱ
545 2408 575 2468 δὲ
597 2406 632 2484 δη
652 2412 682 2467 ἐν
700 2409 778 2468 τοῖσι
798 2406 877 2467 ἕλεσι

78 2502 273 2579 κατοικημένοι
294 2504 371 2560 τοῖσι
392 2501 444 2575 μέν
467 2494 579 2558 οὖτοῖσι
603 2494 717 2573 νόμοισι
742 2495 878 2575 χρέωνται

77 2590 220 2653 τοῖσικαὶ
234 2590 262 2648 οἶ
279 2586 366 2646 ἄλλοι
383 2585 539 2667 Αἰγύπτιοι,
554 2585 600 2644 καὶ
617 2584 653 2644 τοὶ
671 2583 749 2643 ἄλλα
767 2584 814 2643 καὶ
828 2608 877 2665 γο-

77 2678 152 2738 ναικὶ
159 2680 210 2755 μιῇ
218 2677 335 2738 ἔκαστος
342 2672 432 2735 αὐτῶν
439 2674 584 2744 συνοικέει,
593 2671 716 2750 κατάπερ
725 2671 875 2746 Ἕλληνες.

77 2765 150 2843 οἷτοῖρ
171 2764 241 2843 πρός
264 2761 393 2838 ειίτελέην
418 2766 474 2823 τῶν
499 2761 596 2822 σιτίων
618 2759 685 2821 τάδε
711 2766 768 2836 σφι
795 2757 873 2817 ἄλλα

77 2853 229 2932 ἐξεύρηται·
250 2850 334 2912 ἐτεόν
348 2850 458 2927 πλήρης
474 2850 589 2931 γένηται
602 2847 618 2908 ὁ
631 2847 759 2923 ποταμός
775 2844 821 2905 καὶ
838 2844 875 2906 τοῖ

76 2942 160 3002 πεδία
176 2940 329 3020 πελαγίσῃ,
344 2935 444 3014 φύεται
461 2943 491 2997 έν
505 2940 545 3015 τῷ
558 2936 639 2995 ὕδατι
658 2935 752 3010 κρίνεα
768 2930 875 3004 πολλὰ,

75 3030 112 3091 τό
121 3028 271 3109 Αἶγόπτιοι
285 3026 419 3085 καλέουσι
431 3024 530 3086 λωτόν·
546 3027 634 3084 ταῦτα
647 3020 731 3081 ἐπεὰν
741 3020 874 3098 δρέψωσι,

76 3116 223 3178 αὐαίνουσι
239 3114 310 3192 πρός
326 3111 417 3189 ἥλιον,
434 3113 480 3170 καὶ
500 3112 596 3171 ἔπειτα
614 3108 651 3169 τό
669 3114 699 3169 ἐκ
719 3108 809 3185 μέσου
826 3108 876 3166 τοῦ

75 3206 168 3264 λωτοῦ
185 3207 222 3281 τῇ
238 3201 344 3280 μήκωνι
361 3199 408 3260 ἐόν
425 3201 543 3276 ἐμφερές
561 3197 719 3265 πτίσαντες,
733 3198 875 3254 ποιεῦνται

75 3293 108 3365 ἐξ
120 3290 206 3359 αὐτοῦ
218 3290 318 3368 ἄρτους
327 3286 430 3351 α’πτοῦς
441 3287 518 3365 πυρί.
548 3283 648 3345 ἔστιδὲ
661 3283 708 3343 καὶ
720 3282 739 3359 ἦ
753 3282 784 3359 ῥ’
797 3307 815 3340 α
823 3284 875 3341 τοῦ
928 3344 933 3353 ,
