2150 3500
183 104 217 153 ος
490 103 670 155 memor
951 105 986 172 [L

183 182 315 256 ἅπαντας,
335 183 534 261 στρατεύονται
557 183 595 244 ὧν
617 182 660 243 ἐπ’
681 182 781 248 αὖτοῧς
802 187 885 263 κοινῶ
908 185 989 268 λόγω

181 273 356 350 χρησόμενοι
362 274 501 348 Τυρσηνοὶ
509 298 556 331 και
545 271 759 351 Καρχηδόνιοι,
768 273 850 348 νηυσὶ
860 273 989 352 ἑκάτεροι

183 360 324 436 ἐξήκοντα·
347 387 374 420 οι
364 360 422 419 δὲ
433 360 569 422 Φωκαιέες
581 358 780 435 πληρώσαντες
794 360 839 419 καὶ
853 359 937 421 αὐτοὶ
952 363 988 423 τά

182 451 279 523 πλοῖα,
294 446 374 508 ἐόντα
387 446 506 526 ἀριθμόν
519 445 661 522 ἑξήκοντα,
675 445 804 518 ἀντίαζον
820 453 848 511 ἔς
864 447 900 508 τό
914 450 988 527 Σαρ-

183 533 274 595 δόνιον
299 534 469 612 καλεόμενον
491 534 624 612 πέλαγος·
655 535 873 616 συμμισγόντων
897 535 930 596 δὲ
953 543 989 618 τῇ

182 623 330 702 ναυμαχίῃ,
339 622 466 699 Καδμείη
478 648 520 685 τις
532 622 594 698 νίκη
606 624 683 682 τοῖσι
691 626 851 682 ’Φωκαιεῦσι
864 625 987 705 ἐγένετο·

183 713 212 768 αἱ
229 714 281 788 μὲν
295 709 351 791 γάρ
365 708 574 787 τεσσεράκοπά
591 716 648 786 σφι
663 707 726 784 νῆες
739 707 945 788 διεφθάρησαν,
959 717 988 773 αἱ

182 796 213 855 δὲ
233 798 323 857 εἴκοσι
342 800 372 857 αἱ
391 801 553 873 περιεοῦσαι
572 795 647 872 ἦσαν
667 796 818 874 ἄχρηστοι·
844 796 989 877 ἀπεστρό-
1053 869 1054 872 ¹

183 890 259 960 φατο
270 885 326 966 γὰρ
338 883 403 948 τούς
419 884 570 962 ε’μβόλους·
592 883 826 948 καταπλώσαντες
841 885 872 944 δὲ
889 891 917 950 ές
936 888 989 964 τήν

180 973 328 1049 Ἀλαλίην,
341 970 484 1048 ἀνέλαβον
498 970 536 1031 τά
552 972 635 1032 τέκνα
654 971 700 1031 καὶ
717 969 768 1034 τάς
784 975 927 1053 γυναῖκας,
942 975 987 1035 καὶ

180 1060 234 1138 τήν
246 1059 339 1137 ἀλλην
352 1064 451 1136 κτῆσιν
463 1058 535 1135 ὅσην
553 1059 612 1119 οἶαι
627 1085 658 1120 τε
674 1059 797 1168 ε’γίνρντο
810 1062 839 1118 αἶ
851 1062 917 1137 νῆές
929 1070 987 1140 σφι

181 1149 268 1230 ἄγειν·
297 1149 343 1208 καὶ
365 1147 459 1207 ἔπειτα
480 1146 598 1224 ἀφέντες
619 1147 671 1232 τήν
694 1145 805 1224 Κίρνον
828 1148 973 1210 έπλεον’
959 1178 987 1216 ες

136 1237 210 1300 167⁸
211 1235 324 1319 Ρήγιον.
357 1240 418 1296 Τῶν
435 1236 465 1296 δε
480 1235 702 1313 διαφθαρεισέων
718 1240 786 1296 νεῶν
797 1260 862 1300 τους
874 1234 986 1315 ἀνδρας,

182 1327 213 1387 οἶ
225 1351 258 1386 τε
270 1323 460 1404 Καρχηδόνιοι
477 1325 523 1383 καὶ
540 1349 568 1384 οι
557 1323 723 1400 Τυρσηνοὶ
735 1322 854 1402 ἔλαχόν
848 1349 882 1384 τε
894 1326 987 1389 αὐτῶν
1054 1343 1055 1352 ’

180 1418 280 1492 πολλῷ
291 1414 413 1481 πλείους,
424 1412 471 1470 καὶ
481 1411 596 1475 τούτους
608 1410 789 1493 ἐξαγαγόντες
801 1412 984 1476 κατέλευσαν.

181 1500 253 1579 μετά
265 1501 304 1572 δὲ,
317 1498 517 1580 Ἀγυλλαίοισι
528 1498 622 1560 πόντα
632 1498 669 1559 τοὶ
681 1499 818 1578 παριόντα
829 1499 880 1560 τόν
891 1507 986 1580 χῶρον

183 1594 212 1649 ἔν
231 1592 270 1668 τῷ
290 1591 318 1648 οἱ
338 1588 473 1650 Φωκαιέες
496 1588 731 1652 καταλευσθέντες
754 1588 850 1648 ε’κέατο
877 1590 986 1670 ἐγένετο

181 1675 341 1755 διάστροφα
358 1676 404 1734 καὶ
421 1676 531 1753 ἔμπηρα
548 1675 594 1734 καὶ
609 1673 789 1754 ἀπόπληκτα,
802 1674 904 1753 ὁμοίως
916 1679 984 1757 πρό-

180 1766 259 1841 βατα
275 1765 321 1823 καὶ
335 1762 472 1845 όποζόγια
489 1764 536 1823 καὶ
553 1762 702 1842 ἅνθρωποι·
724 1767 751 1824 οἱ
768 1764 799 1823 δὲ
814 1762 986 1845 Ἀγυλλαῖοι

180 1858 209 1916 ἐς
234 1850 367 1929 Δελφοῦς
397 1852 522 1929 ἔπεμπον
547 1850 719 1929 βουλόμενοι
745 1850 907 1923 ἀκέσασθαι
932 1854 986 1932 τήν

180 1946 334 2026 ἀμαρτάδα,
355 1945 374 2023 η’
395 1946 426 2007 δὲ
445 1948 540 2024 Πυθίη
560 1946 653 2023 σφέας
673 1947 804 2007 ἐκέλευσε
822 1948 929 2009 ποιέειν
946 1950 985 2010 τά

180 2036 227 2096 καὶ
239 2040 288 2097 νῦν
305 2039 333 2096 οἱ
344 2034 511 2117 Ἀγυλλαῖοι
528 2036 569 2096 ἔτι
583 2035 767 2095 ἐπιτελέουσι·
788 2034 834 2093 καὶ
847 2034 904 2116 γάρ
924 2042 983 2097 ένα-

178 2125 292 2206 γίζουσί
298 2131 354 2202 σφι
363 2122 499 2206 μεγάλως,
510 2124 558 2183 καὶ
567 2121 661 2204 ἀγῶνα
669 2121 803 2204 γυμνικόν
812 2124 859 2183 καὶ
868 2125 985 2187 ἱππικόν

180 2216 323 2273 ἐπιστᾶσι.
345 2211 391 2271 καὶ
404 2209 481 2272 οὗτοι
493 2213 547 2289 μὲν
558 2215 618 2293 τῶν
623 2209 768 2271 Φωκαιέων
777 2210 893 2291 τοιούτῳ
905 2212 984 2293 μόρῳ

180 2299 374 2379 διεχρήσαντο·
395 2302 423 2359 οἱ
438 2299 468 2357 δὲ
486 2298 577 2359 αὐτόν
592 2303 620 2361 ές
634 2298 668 2358 τό
681 2295 794 2379 Ῥήγιον
807 2300 984 2381 καταφυγόν-

178 2411 231 2456 τες,
253 2388 377 2447 ἐνθεΰτεν
396 2384 566 2462 ὁρμειόμενοι
584 2384 737 2461 ἐκτήσαντο
755 2384 840 2446 πόλιν
858 2389 913 2467 γῆς
930 2391 985 2465 τῆς

179 2474 330 2551 Οἶνωτρίης
341 2472 453 2548 ταύτην,
470 2472 532 2548 ἥτις
548 2477 598 2533 νῦν
608 2473 694 2550 Ὑέλη
708 2472 856 2532 καλέεται·Ι
868 2475 985 2537 ἔκτισαν

179 2560 210 2620 δὲ
228 2560 339 2637 ταύτην,
359 2559 430 2639 πρὸς
444 2559 543 2637 ἀνδρός
556 2560 782 2637 Ποσειδωνιήτεω
794 2560 933 2637 μαθόντες
945 2563 985 2627 ω“ς

177 2646 228 2707 τόν
240 2646 350 2724 Κυρνον
362 2653 420 2723 σφι
434 2673 453 2725 η
444 2648 561 2726 Πυθίη
575 2649 678 2729 ἔχρησε
692 2648 786 2710 κτίσαι
798 2648 873 2727 ἥρων
890 2649 983 2723 ε’όντα,

178 2732 244 2795 ἀλλ’
257 2733 290 2794 οὔ
302 2734 355 2811 τήν
367 2740 465 2812 νῆσον.

132 2823 190 2883 168
238 2824 364 2899 Φωκαίης
378 2824 430 2901 μέν
446 2850 496 2887 νυν
510 2827 576 2903 πέρι
591 2828 642 2902 τῆς
658 2828 687 2886 έν
701 2823 790 2903 Ἰωνίη
804 2822 890 2889 οὕτως
903 2825 983 2905 έσχε.

177 2910 365 2989 παραπλήσια
377 2912 408 2972 δὲ
420 2912 546 2974 τούτοισι
559 2912 605 2973 καὶ
616 2912 697 2988 Τήΐοι
710 2913 855 2989 ἐποίησαν·
876 2913 941 2972 ε’πεί
951 2939 984 2974 τε

176 2996 233 3078 γάρ
246 3004 343 3074 σφεων
361 2999 420 3058 εἷλε
437 3000 547 3080 χώματι
559 2999 594 3060 τό
606 3004 699 3078 τεῖχος
706 2998 861 3079 Ἅρπαγος,
877 2999 984 3076 ε’σβάν·

175 3108 222 3147 τες
241 3084 343 3148 πάντες
363 3091 391 3150 ἐς
410 3087 447 3147 τοὶ
466 3091 555 3146 πλοῖα
577 3086 688 3164 οἴχοντο
708 3087 843 3149 πλέοντες
864 3087 911 3146 ἐπὶ
930 3092 985 3163 τῆς

176 3172 316 3249 Θρηϊκίης,
334 3174 381 3233 καὶ
397 3175 516 3235 ἐνθαῦτα
537 3174 650 3233 ἔκτισαν
669 3172 755 3235 πόλιν
764 3172 909 3251 Ἀβδηρα·
928 3174 986 3251 τήν

176 3255 310 3331 πρότερος
328 3260 433 3322 τούτων
450 3259 643 3336 Κλαζομένιος
657 3259 795 3337 Τιμήσιος
807 3262 916 3332 κτίσας,
930 3260 984 3321 οάκ
