2150 3500
84 150 195 217 ,ιι-σι]
420 154 558 205 emm.
835 154 886 203 τω

81 230 114 290 δὲ
127 231 162 307 δή
176 232 221 291 καὶ
234 234 285 293 ταῶ
296 230 460 307 Ἡφαίστου
472 232 506 293 τῶ
520 232 581 309 ἱρῶν
593 230 673 308 ἦλθε,
685 231 731 291 καὶ
739 228 838 292 πολλῶ
846 234 887 312 τῷ

80 316 227 399 α’γσίλματι
240 320 421 401 κατεγέλασε·
440 320 517 396 (ἐστι
536 320 568 379 δὲ
584 323 636 379 τοῦ
654 319 818 396 Ἡφαίστου
832 318 884 380 τῶ·

79 410 181 485 γαλμα
192 412 269 467 τοῖσι
281 407 465 484 Φοινικηίοισι
479 411 650 467 Παταΐκοῖσι
664 408 883 484 ἐμφερέστατον,

80 494 148 558 ταῶς
160 498 187 556 οἱ
199 497 323 559 Φοίνικες
336 500 365 555 ἐν
376 499 445 574 τῇσι
457 495 587 575 πρώρῃσι
599 499 654 556 τῶν
665 494 799 573 τριήρεων
808 520 883 572 περι·

80 580 195 663 α’γουσι·
209 582 240 647 ὃς
252 583 282 642 δέ
291 581 405 647 τούτους
416 583 457 661 μή
468 583 578 643 ὀπώπεε
597 583 652 664 ἐγῶ
661 583 693 641 δέ
704 586 732 642 οἶ
741 584 882 658 σημανέω·

79 671 223 749 πυγμαίου
243 670 341 749 ἅνδρῶς
359 671 478 747 μίμησίς
496 630 608 752 ἐστιῬ
616 672 724 746 ἐσῆλθε
741 670 772 730 δέ
789 670 835 729 καὶ
855 675 883 735 ἐς

78 760 138 817 τῶν
149 759 299 835 Καβείρων
310 758 343 819 τδ
357 758 425 834 ἶρόν,
439 764 468 823 ἐς
479 758 513 820 τδ
527 758 561 821 οὐ
574 758 689 837 θεμιτόν
702 764 764 819 ἐστι
776 759 881 820 ἐσιέναι

79 842 173 905 ἄλλον
191 870 226 927 γε
244 844 263 922 ἢ
282 845 332 906 τῶν
353 846 421 923 ἱρέα·
447 850 536 908 ταῦτα
556 845 587 907 δέ
605 845 643 907 τῶ
663 845 815 927 α’γώλματα
834 847 881 908 καὶ

79 932 226 1010 ἐνέπρησε,
247 932 343 992 πολλῶ
365 933 562 1012 κατασκώψας.
596 934 658 995 ἐστι
677 934 709 995 δέ
728 936 774 994 καὶ
792 939 881 996 ταῦτα

77 1018 166 1095 σ’μοῖα
180 1024 231 1081 τοῦ
247 1020 419 1096 Ἡφαίστου·
439 1020 541 1082 τούτου
558 1021 591 1081 δέ
607 1026 700 1097 σφεας
715 1022 817 1087 παῖδας
833 1023 879 1083 λε’·
1003 1083 1005 1086 ,

77 1132 166 1187 γουσι
183 1108 261 1167 εἶναι.
295 1112 433 1187 Πανταχῆ
447 1108 485 1168 ῶν
496 1136 548 1187 μοι
565 1110 640 1186 δήλιί
653 1116 715 1171 ἐστι
729 1110 774 1171 ὅτι
792 1110 880 1188 ἐμάνη
888 1113 927 1172 38

77 1195 210 1275 μεγάλως
226 1195 243 1256 ὁ
260 1194 433 1273 Καμβύσης·
453 1195 487 1256 οὔ
504 1198 560 1277 γῶρ
573 1197 608 1258 ἂν
622 1198 712 1275 ἶροῖσί
723 1224 754 1258 τε
774 1199 820 1257 καὶ
835 1224 880 1259 νο-

76 1283 190 1359 μαίοισι
210 1285 374 1363 ἐπεχείρησε
395 1288 563 1365 καταγελᾶν·
584 1290 609 1346 εἰ
627 1286 683 1366 γάρ
700 1311 743 1350 τις
761 1285 880 1364 προθείη

76 1374 154 1431 πᾶσι
173 1370 346 1451 ἀνθρώποισι
366 1371 537 1442 ἐκλέξασθαι
557 1372 676 1435 κελεύων
694 1372 797 1451 νόμους
813 1373 879 1438 τοῦς

77 1458 251 1523 καλλίστους
263 1465 294 1520 ἐκ
306 1464 362 1521 τῶν
373 1459 485 1520 πάντων
497 1459 596 1537 νόμων,
610 1459 829 1539 διασκεψάμενοι
844 1458 880 1521 ῶν

77 1546 192 1607 ἑλοίατο
209 1549 322 1608 ἔκαστοι
336 1548 401 1611 τούς
419 1550 534 1607 ἑωυτῶν·
555 1546 626 1608 οὕτω
644 1549 790 1624 νομίζουσι
802 1546 879 1609 πολθ

75 1659 107 1693 τι
128 1635 300 1698 καλλίστους
318 1634 384 1697 τούς
406 1638 513 1695 ἑωυτῶν
534 1634 637 1712 νόμους
659 1636 774 1697 ἔκαστοι
797 1635 885 1696 εἶναι·”

76 1720 167 1783 οὔκων
184 1722 258 1788 οἶκός
273 1726 335 1784 ἐστι
355 1720 447 1782 ἄλλον
464 1749 498 1804 γε
518 1722 553 1800 δή
570 1722 771 1801 ἢμαινόμενσν
790 1723 878 1804 ἄνδρα

74 1811 189 1891 γέλωτα
200 1812 236 1872 τὰ
248 1815 363 1886 τοιαῦτα
375 1811 514 1870 τίθεσθαι.
544 1810 580 1874 ῶς
592 1811 622 1870 δέ
635 1809 706 1871 οὕτω
714 1813 878 1890 νενομίκασι

74 1897 115 1957 τῶ
130 1897 195 1974 περὶ
210 1896 276 1961 τους
293 1895 440 1974 νόμους’σῖ
457 1896 560 1961 πάντες
577 1896 725 1976 ἄνθρωποι,
738 1901 880 1960 πολλοῖσί

74 2009 109 2044 τε
122 1985 169 2044 καὶ
181 1983 299 2044 ἄλλοισι
314 1985 490 2062 τεκμηρίοισι
508 1985 630 2062 πάρεστι
642 1986 877 2063 σταθμώσασθαι,

75 2075 109 2132 ἐν
125 2072 156 2131 δὲ
173 2071 207 2150 δή
226 2072 272 2131 καὶ
289 2071 368 2152 τῷδε·
389 2075 508 2149 Δαρεῖος
529 2073 576 2130 ἐπὶ
596 2076 648 2148 τῆς
666 2075 767 2133 έοκιταΰ
787 2072 877 2151 α’ρχῆς

75 2161 203 2223 καλέσας
216 2159 361 2238 Ἑλλήνων
377 2158 442 2222 ταῶς
459 2159 613 2237 παρεόντας
630 2160 718 2236 ε’ίρετσ
738 2159 785 2218 ἐπὶ
801 2159 878 2240 κόσιρ

74 2246 111 2310 ἂν
123 2249 249 2328 χρήματι
260 2249 417 2324 βουλοίατο
433 2246 499 2311 τοῦς
512 2248 635 2324 πατέρας
647 2247 878 2322 ἀποθνήσκοντας

75 2337 311 2406 κατασιτέεσθαι;
338 2339 366 2395 οἱ
384 2335 416 2394 δέ
435 2333 478 2394 ἐπ’
495 2333 585 2394 οὐδενὶ
605 2336 717 2412 ἔφασαν
737 2335 825 2412 ἔρδειν
843 2332 878 2396 ἂν

74 2428 170 2484 τοῦτο·
191 2427 310 2500 Δαρεῖος
324 2423 355 2482 δέ
372 2423 444 2501 μετὰ
461 2426 550 2484 ταῦτα
568 2422 692 2488 καλέσας
704 2422 798 2483 Ἰνδῶν
812 2422 878 2488 ταῶς

76 2513 262 2589 καλεομένους
274 2512 449 2580 Καλλατίας,
460 2509 487 2570 οἳ
499 2510 565 2574 τούς
577 2511 676 2593 γονέας
686 2512 876 2582 κατεσθίουσι,

76 2599 175 2677 εἴρετο,
198 2598 357 2676 παρεόντων
378 2601 434 2660 τῶν
453 2596 599 2674 Ἑλλήνων
622 2600 669 2659 καὶ
691 2597 727 2659 δι’
748 2600 878 2676 ἑρμηνέος

74 2687 271 2764 μανθανόντων
283 2687 320 2747 τῶ
332 2685 479 2767 λεγόμενα,
494 2687 542 2746 ἐπὶ
555 2688 611 2748 τίνι
621 2686 747 2767 χρήματι
759 2685 878 2758 δεξαίατ’

75 2773 112 2836 ἂν
122 2776 317 2838 τελευτέοντας
329 2773 393 2837 τούς
405 2775 527 2852 πατέρας
540 2775 698 2834 κατακαίειν
709 2775 780 2852 πυρί
785 2799 793 2843 ;
809 2777 837 2832 οἶ
847 2774 877 2833 δὲ

75 2861 265 2941 ἀμβώσαντες
276 2863 350 2944 μέγα
363 2860 512 2939 εὐφημέειν
521 2887 570 2939 μιν
580 2862 718 2921 ἐκέλευον.
746 2859 817 2920 οὕτω
825 2861 878 2937 μέν

75 2975 126 3011 νυν
134 2953 222 3010 ταῦτα
232 2950 403 3026 νενόμισται·
420 2950 467 3008 καὶ
480 2947 568 3026 ὀρθῶς
577 2975 627 3026 μοι
637 2949 726 3008 δοκέει
739 2947 878 3024 Πίνδαρος

74 3041 205 3114 ποιῆσαι,
225 3042 373 3098 NOMON
396 3041 562 3097 ΠΑΝΤΩΝ
585 3038 755 3101 ΒΑΣΙΛΕΑ
781 3034 878 3112 φήσας

77 3124 157 3185 εἶναι.

118 3211 285 3288 Καμβύσεω
300 3211 331 3271 δὲ
347 3211 389 3272 ἐπ’
403 3213 547 3293 Αἴγυπτον
560 3209 789 3288 στρατευομένου,
803 3213 877 3269 ἐπσι·
886 3210 925 3271 39

75 3297 187 3374 ήσαντο
205 3300 251 3358 καὶ
268 3299 482 3376 λακεδαιμόνιοι
498 3297 652 3376 στρατηίην
670 3298 717 3358 ἐπὶ
735 3296 833 3376 Σάμον
846 3321 879 3356 πε
