2150 3500
94 132 206 198 21-26]
417 134 583 185 υτυυκαα.
850 137 899 188 ιιο

95 215 200 292 θέρεος.
233 213 285 290 τήν
297 212 457 294 χειμερινὴν
468 214 541 293 ὥρην
553 214 777 294 ἀπελαυνόμενος
790 213 807 277 6
819 214 900 293 ἥλιος

95 307 127 363 ἐκ
143 305 194 377 τῆς
210 300 327 381 ἀρχαίης
343 301 466 372 διεξόδου
480 302 536 362 ῦπῦ
553 305 609 362 τών
623 303 772 383 χειμώνων,
791 305 900 382 ἔρχεται

94 393 146 467 τῆς
158 390 270 466 Λιβύης
281 388 318 448 ταὶ
330 387 396 450 άνω.
436 390 472 454 (ῦς
484 391 537 467 μέν
551 416 600 452 νυν
612 395 643 451 ε’ν
656 393 797 471 ἐλαχίστῳ
811 392 899 468 δηλῶ-

94 503 156 549 σαι,
176 481 235 538 πᾶν
254 478 369 555 εἴρηται·
402 482 453 555 τῆς
472 478 528 559 γάρ
548 476 582 539 &v
603 477 749 559 ἀγχοτάτω
769 479 789 559 ᾗ
808 479 900 558 χώρης

95 564 178 629 οὗτος
190 565 207 626 6
221 565 292 636 θεός,
306 565 353 624 καὶ
366 565 438 626 κατὰ
449 565 554 642 ἥντινα,
568 565 672 642 ταύτην
684 567 758 631 οἶκός
772 567 855 645 διψῆν
867 594 900 629 τε

92 653 203 715 ῦδάτων
211 653 340 731 μάλοστα
351 653 398 712 καὶ
406 653 442 713 τοῖ
453 653 574 734 ε’γχώρια
581 654 705 733 ῥεύματα
712 656 899 733 μαραίνεσθαι

93 746 152 802 τῶν
163 746 307 819 ποταμῶν.
347 741 397 805 Ὡς
409 741 439 801 δὲ
453 747 483 802 ἒν
494 743 595 803 πλέονι
607 742 684 822 λόγῳ
698 744 832 819 δηλῶσαι,
847 741 899 804 ὦδε
908 747 946 805 25

15 849 21 859 ’
94 831 164 909 ἔχει·
181 829 286 900 διεξιών
298 833 349 906 τῆς
357 828 468 908 Λιβύης
476 830 513 890 τά
525 829 581 891 ἅνω
594 830 612 891 6
625 830 712 907 ἥλιος,
723 831 789 891 τάδε
801 833 898 892 ποιέει·

94 916 146 977 ἅτε
171 918 217 979 διαὶ
236 918 340 982 παντός
359 921 412 979 τοῦ
430 917 534 999 χρόνου
557 918 666 997 αἰθρίου
684 945 717 980 τε
737 919 830 983 ε’όντος
848 924 899 981 τοῦ

92 1005 179 1084 ἠέρος
201 1011 252 1067 τοῦ
273 1006 344 1067 κατά
363 1009 452 1067 ταῦτα
470 1006 507 1068 τά
527 1008 617 1088 χωρία
637 1007 684 1067 καὶ
704 1006 830 1084 άλεεινῆς
848 1011 899 1084 τῆς

93 1093 189 1174 χώρης
207 1096 315 1173 ἐούσης,
335 1095 385 1156 οῦκ
406 1095 505 1157 ε’όντων
523 1097 631 1176 οἶνέμων
649 1100 772 1176 ψυχρῶν,
793 1097 898 1167 διεξιών

93 1184 185 1243 ποιέει
205 1183 265 1244 οἶόν
285 1210 338 1261 περ
359 1184 406 1243 καὶ
426 1182 459 1244 τό
482 1185 562 1262 θέρος
580 1184 650 1246 ,ἔωθε
670 1186 774 1245 ποιέειν
797 1184 845 1246 ἰών
864 1185 898 1246 τῦ

94 1271 187 1348 μέσον
205 1275 256 1332 τοῦ
275 1271 402 1348 ούρανοῦ·
424 1271 500 1332 ἕλκει
515 1271 572 1354 γάρ
591 1271 633 1331 ἐπ’
650 1272 750 1333 ἑωυτόν
767 1271 800 1333 τό
818 1272 898 1351 ὕδωρ,
935 1289 938 1295 “

95 1359 219 1424 ἑλκύσας
245 1361 276 1420 δὲ
295 1359 415 1421 άπωθέει
435 1363 463 1424 ές
481 1359 518 1419 τά
539 1359 594 1420 άνω
613 1361 709 1440 χωρία,
729 1359 898 1437 ὑπολαμβά-

93 1472 190 1512 νοντες
208 1448 238 1508 δὲ
255 1451 283 1508 οί
302 1448 400 1533 ἄνεμοι
415 1448 461 1507 καὶ
480 1447 685 1510 διασκιδνάντες
703 1446 830 1523 τήκουσι·
851 1448 901 1508 καί

94 1539 154 1595 εἶσι
167 1535 280 1600 οἰκότως
294 1539 321 1597 οἶ
333 1536 390 1596 α’πό
403 1536 505 1613 ταύτης
517 1540 569 1613 τῆς
581 1535 673 1616 χώρης
688 1536 824 1606 πνέοντες,
838 1535 898 1598 ὅτε

93 1622 178 1688 νότος
193 1624 239 1683 καὶ
257 1624 274 1684 6
291 1624 354 1702 λῖψ,
373 1623 481 1700 ἀνέμων
495 1624 609 1684 πολλόν
626 1629 680 1685 τῶν
693 1623 802 1685 πάντων
816 1624 898 1685 ῦετώ-

92 1735 185 1773 τατοι·
206 1712 308 1794 (δοκέει
320 1712 353 1772 δέ
367 1736 418 1789 μοι
436 1711 499 1773 οῦδὲ
515 1716 572 1774 πᾶν
586 1711 620 1774 τῦ
636 1711 707 1791 ὕδωρ
725 1711 758 1773 τῦ
776 1713 898 1775 ε’πέτειον

94 1801 231 1863 ἑκάστοτε
249 1801 469 1879 ἀποπέμπεσθαι
482 1805 532 1862 τοῦ
551 1802 660 1862 Νείλου
680 1802 697 1862 6
717 1801 806 1879 ἥλιος,
821 1802 899 1862 ἀλλὰ

95 1890 144 1949 καὶ
156 1889 362 1951 ῦπολείπεσθαι
375 1890 439 1967 περὶ
460 1889 581 1970 ἑωυτόν)
601 1889 792 1968 πρηϋνομένου
805 1890 835 1950 δὲ
847 1894 898 1951 τοῦ

93 1981 240 2057 χειμῶνος,
256 1978 408 2058 α’πέρχεται
425 1976 441 2037 6
458 1977 540 2054 ἥλιος
558 1983 585 2042 ἐς
602 1979 692 2056 μέσον
711 1976 760 2038 τῦν
781 1977 898 2056 οὐρανόν

95 2066 197 2138 ὀπίσω,
211 2067 258 2128 καὶ
270 2066 304 2127 τό
317 2066 443 2127 ἐνθεῦτεν
454 2064 509 2143 ἤδη
519 2065 621 2144 ὁμοίως
632 2064 689 2125 α’πδ
702 2064 812 2126 πάντων
821 2066 896 2126 ἕλκει

94 2158 151 2214 τῶν
163 2158 307 2233 ποταμῶν·
326 2155 394 2219 τέως
406 2153 437 2213 δὲ
459 2156 487 2213 ot
505 2156 558 2229 μὲν
573 2150 696 2230 ὀμβρίου
711 2151 810 2216 ὕδατος
826 2179 898 2231 συμ-
942 2218 946 2227 ,

95 2244 270 2323 μισγομένου
295 2244 409 2303 πολλοῦ
434 2240 554 2313 αῦτοῖσι,
574 2239 624 2301 ἅτε
649 2238 767 2317 ῦομένης
791 2265 823 2301 τε
847 2246 898 2317 τῆς

94 2329 189 2408 χώρης
201 2332 249 2391 καὶ
267 2330 520 2411 κεχαραδρωμένης,
533 2329 631 2406 ῥέουσι
648 2327 779 2409 μεγάλοι·
799 2332 848 2389 τοῦ
866 2330 897 2389 δὲ

96 2418 199 2494 θέρεος,
212 2424 268 2481 τιῦν
279 2445 311 2480 τε
323 2418 440 2497 ὄμβρων
453 2416 651 2479 ἐπιλειπόντων
667 2414 768 2480 αύτούς
783 2416 829 2477 καὶ
841 2416 897 2479 ῦπὸ

94 2510 147 2565 τοῦ
158 2505 243 2582 ἡλίου
256 2506 410 2585 ἑλκόμενοι,
423 2506 555 2569 α’σθενέες
567 2506 632 2566 εἶσί·
653 2504 670 2565 6
683 2505 713 2565 δὲ
725 2507 832 2569 Νεῖλος
844 2504 896 2566 ε’ών

95 2592 249 2672 ἄνομβρος,
263 2593 412 2672 ἑλκόμενος
431 2593 461 2653 δὲ
480 2591 535 2653 ῦπῦ
554 2597 605 2654 τοῦ
624 2593 715 2671 ἡλίου,
729 2597 832 2670 μοῦνος
846 2619 897 2654 πο·

94 2686 192 2759 ταμών
203 2687 303 2744 τοῦτον
315 2682 366 2743 τόν
376 2681 481 2761 χρόνον
499 2681 611 2746 οἰκότως
628 2681 711 2746 αύτός
728 2685 829 2743 ἑωυτοῦ
840 2684 898 2759 ῥέει

94 2774 197 2851 πολλιρ
215 2771 416 2848 ῦποδεέστερος
435 2768 456 2846 ἢ
476 2773 526 2830 τοῦ
548 2769 651 2847 θέρεος·
684 2769 749 2829 τότε
769 2768 897 2850 μὲνγὰρ

95 2859 168 2936 μετὰ
180 2858 291 2921 πάντων
299 2862 354 2920 τοῦν
365 2856 473 2919 ῦδάτων
485 2858 550 2919 ’ίσον
563 2858 681 2927 ἕλκεται,
691 2854 741 2917 τόν
754 2856 784 2917 δὲ
796 2859 896 2935 χειμώ-

95 2972 132 3009 να
143 2951 248 3025 μοῦνος
258 2947 391 3020 πιέζεται·
410 2944 482 3007 οὕτω
493 2944 545 3006 τόν
556 2944 640 3022 ἥλιον
652 2942 783 3021 νενόμικα
794 2942 898 3004 τούτων

96 3036 186 3096 α’ίτιον
204 3035 283 3097 εἶναι.
325 3035 421 3098 Αίτιος
439 3033 470 3093 δὲ
487 3032 574 3095 ώυτῦς
591 3029 679 3101 οὗτος,
698 3030 768 3090 κατὰ
784 3030 944 3110 γνώμην26

96 3122 148 3201 τὴν
161 3123 239 3201 ἐμὴν,
250 3123 296 3182 καὶ
309 3121 359 3183 τόν
370 3121 440 3199 ἠέρα
453 3120 539 3199 ξηρόν
550 3119 601 3181 τόν
610 3118 696 3197 ταύτῃ
706 3117 783 3188 εἶναι,
794 3116 897 3177 διακαί-

97 3236 135 3271 ων
153 3210 207 3289 πην
227 3210 350 3282 διέξοδον
370 3210 466 3271 αὐτοῦ·
492 3208 564 3270 οὕτω
584 3210 635 3283 τῆς
655 3203 766 3282 Λιβύης
785 3202 822 3264 τά
841 3201 899 3265 άνω

97 3299 179 3378 θέρος
200 3298 254 3358 αἰεὶ
277 3299 397 3379 κατέχει.
439 3299 463 3357 εἰ
484 3296 514 3356 δὲ
533 3294 554 3371 ἦ
575 3292 678 3357 στάσις
697 3290 827 3367 ἤλλακτο
843 3295 899 3353 τῦυ
993 3376 1045 3407 Δ

926 3442 929 3447 “
960 3439 977 3467 ,Α
