2150 3500
123 117 251 182 09-103]
423 119 649 171 ΜΕΛΠΟΜΕΝΗ.
773 177 774 180 ¹
878 123 924 172 321

123 201 215 279 μυχόν
227 205 279 277 τῆς
291 203 392 277 λίμνης
404 200 514 276 ταύτης.
556 199 609 278 ἤδη
622 200 659 262 ών
672 201 729 263 άπδ
743 204 794 280 μὲν
800 202 924 280 Ἴστρου,

125 291 160 351 ταὶ
175 289 329 366 κατύπερθε
340 295 367 352 ές
376 290 428 364 τῆν
437 289 595 370 μεσόγαιαν
605 291 735 368 φέροντα,
745 291 927 366 ἀποκληίεται

126 379 145 454 ἡ
154 379 276 454 Σκυθικῆ
286 377 340 438 ῦπδ
349 377 464 456 πρώτων
471 377 663 459 Ἀγαθύρσων·
676 379 748 456 μετά
756 381 793 450 δὲ,
803 384 924 457 Νευρῶν·

127 469 222 527 ἔπειτα
235 468 272 539 δὲ,
286 466 493 549 Ἀνδροφάγων·
511 468 678 528 τελευταίων
691 469 728 539 δὲ,
743 470 926 549 Μελαγχλαί-

127 583 190 617 νων.
211 555 297 616 Ἐστι
308 555 345 616 ὧν
354 559 404 631 τῆς
419 556 563 632 Σκυθικῆς,
573 555 608 620 ῶς
618 555 719 632 εὀύσης
727 556 907 638 τετραγώνου,
918 558 973 616 101

127 649 182 704 τῶν
202 645 252 704 δύο
274 645 379 721 μερέων
402 643 577 720 κατηκόντων
604 650 631 708 ἒς
655 645 814 715 θάλασσαν,
838 644 929 720 πάντη

128 733 193 793 ἴσον
205 732 239 793 τό
251 758 283 791 τε
297 723 323 795 ἐς
336 732 388 808 τῆν
402 731 560 811 μεσόγαιαν
573 734 669 810 φέρον,
684 733 730 792 καὶ
741 733 775 792 τό
788 733 864 809 παρά
877 731 928 808 τὴν

129 821 291 881 θάλασσαν·
312 820 368 880 άπδ
390 821 447 901 γάργ
462 819 578 897 Ἴστρου
597 821 642 879 ἐπὶ
664 820 849 898 Βορυσθένεα
862 821 928 878 δέκα

129 908 252 987 ἡμερέων
260 908 332 971 ὁδός·
346 907 403 968 <ind
414 907 605 985 Βορυσθένεός
616 908 640 968 τ’
649 909 694 968 ἐπὶ
704 908 756 984 τῆν
766 910 867 984 λίμνην
876 908 928 984 τῆν

130 1002 261 1074 Μαιῆτιν,
272 998 370 1074 ἑτέρων
383 997 459 1056 δέκα·
474 996 562 1057 καὶτὰ
575 995 632 1057 α’τό
647 996 796 1072 θαλάσσης
807 1001 834 1060 ε’ς
842 995 928 1072 μεσό-

129 1105 213 1165 γαιαν
231 1089 259 1149 ἒς
276 1085 342 1147 τοῦς
357 1085 594 1166 Μελαγχλαίνους
610 1084 674 1148 τοῦς
688 1085 841 1160 κατύπερθε
856 1085 924 1148 Σκυ-

131 1174 200 1233 θέων
217 1173 386 1249 οίκημένους,
401 1173 491 1232 εἴκοσι
509 1171 633 1250 ἡμερέων
648 1171 718 1235 ὁδός.
761 1171 779 1248 ἡ
793 1170 929 1246 δὲόδδςῆ

130 1261 270 1339 ἡμερησίη
292 1259 345 1320 άνὰ
368 1258 498 1337 διηκόσια
518 1258 621 1320 στάδια
644 1259 850 1337 συμβέβληταί
870 1284 928 1336 μοι.

113 1349 202 1408 ὀὕτω
227 1346 262 1408 ἂν
288 1349 330 1424 εἴη
355 1352 406 1425 τῆς
434 1349 571 1422 Σκυθικῆς
596 1347 631 1407 τά
658 1347 806 1424 ἐπικάρσια
835 1373 928 1424 τετρα-

131 1430 279 1509 κισχιλίων
288 1431 419 1490 σταδίων·
433 1429 480 1488 καὶ
489 1429 525 1489 τὰ
535 1427 616 1504 ὄρθια
622 1428 659 1489 τά
673 1433 700 1491 ἐς
712 1429 763 1504 τῆν
772 1427 928 1508 μεσόγαιαν

132 1520 263 1596 φέροντα,
280 1519 378 1594 ἑτέρων
393 1515 536 1577 τοσούτων
553 1517 684 1577 σταδίων.
724 1515 743 1592 ἡ
759 1516 812 1594 μέν
827 1541 875 1576 νυν
892 1519 930 1596 γῆ

132 1606 202 1682 αῦτη
215 1606 278 1666 ἐστὶ
289 1606 412 1686 μέγαθος
424 1604 559 1680 τοσαύτη.
630 1655 633 1658 .

174 1698 211 1754 Οἱ
227 1695 257 1755 δὲ
273 1693 379 1760 Σκύθαι
394 1685 487 1755 δόντες
500 1693 589 1767 σφίσι
601 1690 689 1775 λόγον
703 1691 738 1755 ῶς
751 1691 800 1753 οῦκ
814 1691 870 1752 οἶοί
879 1691 913 1751 τέ
921 1693 977 1751 102

133 1785 190 1841 εἰσι
199 1782 250 1844 τόν
258 1783 378 1859 Δαρείου
387 1778 510 1858 στρατόν
517 1781 816 1860 ἷθυμαχίηδιώσασθαι
824 1784 931 1857 μοῦνοι,

133 1871 258 1947 ἔπεμπον
268 1876 295 1933 ές
307 1863 372 1931 τοῦς
386 1868 600 1948 πλησιοχώρους
612 1868 759 1949 ἀγγέλους·
776 1872 831 1928 τῶν
860 1870 873 1927 ὲ
886 1868 932 1927 καὶ

134 1950 168 2027 δὴ
179 1954 207 2011 οἱ
215 1951 357 2026 βασιλῆες
366 1948 550 2013 συνελθόντες
561 1948 752 2025 ἐβουλεύοντο,
764 1948 799 2011 ῶς
808 1953 930 2026 στρατοῦ

134 2038 333 2101 ἐπελαύνοντος
344 2037 481 2119 μεγάλου·
495 2038 570 2112 ἦσαν
580 2036 609 2095 δὲ
620 2038 646 2093 οἱ
657 2035 837 2098 συνελθόντες
846 2036 932 2110 βασι-

133 2130 209 2202 λῆες,
236 2126 358 2204 Ταύρων,
378 2128 425 2186 καὶ
451 2119 641 2205 Ἀγαθύρσων,
666 2123 712 2181 καὶ
738 2126 861 2197 Νευρῶν,
886 2123 932 2181 καὶ

133 2214 340 2296 Ἀνδροφάγων,
359 2214 405 2273 καὶ
419 2211 653 2293 Μελαγχλαίνων,
669 2211 714 2268 καὶ
731 2212 870 2282 Γελωνῶν,
887 2210 933 2267 καὶ

135 2304 281 2375 Βουδίνων,
298 2304 344 2363 καὶ
365 2300 575 2380 Σαυροματέων.
610 2298 720 2371 Τούτων
739 2302 842 2374 Ταῦροι
858 2299 913 2374 ’μὲν
923 2300 980 2357 103

134 2391 248 2467 νόμοισι
259 2391 393 2451 τοιοισιδε
405 2390 550 2469 χρέωνται·
572 2386 671 2448 θύουσι
683 2389 734 2463 μὲν
746 2389 781 2465 τῆ
795 2386 931 2465 Παρθένῳ

134 2479 198 2543 τούς
217 2506 249 2539 τε
273 2479 409 2561 ναυηγοῦς
433 2478 479 2537 καὶ
502 2476 567 2540 τούς
590 2473 624 2535 ἂν
649 2475 765 2559 λάβωσι
789 2474 935 2550 Ἑλλήνων

134 2569 349 2646 ἐπαναχθέντος,
362 2565 456 2644 τρόπῳ
469 2564 575 2643 τοιῷδε·
597 2564 803 2641 καταρξάμενοι,
818 2561 935 2641 ῥοπάλῳ

134 2656 251 2715 παίουσι
271 2654 324 2731 τὴν
349 2646 486 2729 κεφαλὴν·
516 2656 543 2711 οἱ
566 2654 618 2729 μὲν
640 2651 674 2725 δὴ
698 2652 824 2732 λέγουσι,
847 2650 882 2713 ῶς
901 2650 935 2709 τό

135 2747 219 2818 σῶμα
230 2742 286 2803 άπό
298 2746 350 2802 τοῦ
363 2744 485 2819 κρημνοῦ
497 2739 616 2799 ῶθέουσι
630 2738 710 2808 κάτω,
719 2739 776 2817 (ἐπὶ
784 2738 839 2819 γὰρ
851 2761 937 2813 κρημ-

135 2830 305 2907 νοῦῖδρυται
317 2831 350 2891 τό
365 2830 446 2908 ἱρόν)
460 2828 512 2903 τῆν
526 2827 556 2886 δὲ
571 2824 699 2901 κεφαλὴν
717 2824 936 2902 ἀνασταυροῦσι·

137 2921 164 2976 οἱ
182 2916 212 2975 δὲ
228 2917 299 2979 κατά
315 2921 367 2994 μὲν
379 2918 431 2992 τὴν
445 2913 573 2991 κεφαλὴν
586 2912 782 2992 ὁμολογέουσι,
796 2911 829 2973 τό
842 2912 938 2987 μέντοι

136 3008 221 3080 σῶμα
234 3004 284 3064 οῦκ
298 3004 434 3066 ὠθέεσθαι
446 3002 503 3063 α’πδ
516 3005 566 3062 τοῦ
580 3003 702 3078 κρημνοῦ
720 2999 845 3079 λέγουσι,
860 2997 939 3058 ἄλλά

136 3097 175 3173 γῆ
190 3093 370 3170 κρύπτεσθαι.
410 3091 461 3167 τῆν
475 3090 505 3149 δὲ
518 3090 636 3165 δαίμονα
649 3086 761 3162 ταύτην,
774 3090 810 3166 τῆ
829 3085 937 3155 θύουσι,

137 3184 257 3264 λέγουσι
269 3180 349 3241 αῦτοὶ
361 3183 464 3256 Ταῦροι
478 3175 646 3258 Ἰφιγένειαν
661 3176 714 3250 τῆν
730 3175 939 3256 Ἀγαμέμνονος

138 3270 218 3333 εἶναι.
259 3268 412 3344 πολεμίους
432 3266 461 3325 δὲ
480 3264 590 3341 ἄνδρας,
603 3263 668 3328 τοῦς
687 3262 722 3323 ἂν
741 3263 938 3343 χειρώσωνται,
