2150 3500
103 125 249 192 ιιι-ιτα]
451 129 566 179 mm.
876 129 908 182 ιτ

100 204 173 269 λοδς
189 203 289 284 εἰρετοὶς
304 205 508 267 ἀπεδείκνυντο·
529 207 700 270 ἑσσωθέντες
716 207 746 274 δὲ
762 207 809 268 καὶ
821 232 911 268 κατει·

100 293 236 369 ληθέντες
255 297 283 356 ε’ς
301 293 336 354 τό
355 292 436 366 ἄστυ,
457 295 616 371 συνήλισαν
637 299 665 357 ές
684 294 736 371 τῆν
756 293 910 373 ἀκρόπολιν

100 379 153 444 τάς
172 407 204 440 τε
222 384 354 461 γυναῖκας
374 382 421 441 καὶ
439 381 476 442 τό
495 383 579 442 τέκνα
596 382 642 442 καὶ
657 381 694 441 τὰ
709 381 842 460 χρήματα
862 383 908 442 καὶ

99 468 168 532 τούς
177 469 293 538 οἰκέτας,
304 470 351 529 καὶ
360 470 454 530 ἔπειτα
462 468 578 548 ὑπῆψαν
586 469 638 545 τῆν
648 467 803 548 ἀκρόπολιν
813 473 909 531 πᾶσαν

99 554 207 634 ταύτην
226 557 365 617 καίεσθαι·
385 558 524 617 τοῦτοδὲ
541 555 710 632 ποιήσαντες
727 558 772 616 καὶ
788 557 908 636 συνομό-

100 670 204 708 σαντες
216 643 315 723 όρκους
328 643 440 715 δεινοός,
450 644 650 715 ὑπεξελθόντες
659 644 798 706 ἀπέθανον
807 645 909 711 πάντες

100 730 219 795 Ξάνθιοι
243 731 410 811 μαχόμενοι·
439 736 494 793 τῶν
521 733 552 792 δὲ
577 737 626 794 νῦν
648 734 757 794 Λυκίων
779 734 909 811 φαμένων

99 820 228 882 Ξανθίων
248 819 326 891 εἶναι,
346 822 375 880 οἱ
389 821 504 891 πολλοὶ,
521 819 599 898 πλῆν
617 819 776 902 ὀγδώκοντα
790 823 907 893 ἱστιέων,

100 907 159 967 εἶσὶ
179 905 324 984 ε’πῆλυδες·
344 909 374 967 αἱ
391 907 420 968 δὲ
435 906 594 989 ὀγδώκοντα
611 908 699 970 ἱστίαι
716 906 798 969 αὗται
811 910 909 989 ἔτυχον

98 999 252 1070 τηνικαῦτα
273 995 466 1073 ε’κδημέουσαι,
486 996 531 1055 καὶ
548 995 619 1056 οὕτω
634 997 835 1078 περιεγένοντο·
855 997 908 1074 τῆν
986 1013 989 1020 ’

98 1084 153 1157 μὲν
173 1083 208 1159 δῆ
227 1082 337 1147 Ξόνθον
354 1082 440 1148 οὕτως
456 1085 525 1164 ἔσχε
543 1082 726 1165 όἈρπαγος.
758 1090 907 1162 παραπλη-

99 1170 170 1234 σίως
189 1172 220 1230 δὲ
239 1171 286 1230 καὶ
304 1170 357 1246 πῆν
372 1175 486 1233 Καῦνον
502 1173 580 1250 ἔσχε.
622 1172 669 1230 καὶ
681 1172 736 1253 γόρ
750 1175 777 1232 οί
790 1173 907 1234 Καύνιοι

97 1256 166 1322 τοός
184 1259 304 1325 Λυκίους
324 1258 500 1336 ἐμιμήσαντο
518 1259 555 1318 τὰ
574 1259 662 1318 πλέω.
703 1259 746 1318 T&
767 1261 819 1335 μέν
838 1261 953 1322 νυν177

99 1343 176 1406 κόπω
197 1350 248 1422 τῆς
262 1343 363 1422 Ἀσίης
375 1344 522 1428 Ἀρπαγος
537 1345 683 1406 ὀνόστατα
701 1346 799 1417 ε’ποίεε,
820 1346 856 1408 τοὶ
876 1348 906 1407 δὲ

98 1431 158 1493 ἅνω
169 1433 255 1511 αὐτῆς
267 1433 350 1498 αότός
363 1439 466 1512 Κῦρος,
479 1438 537 1494 πιῖν
554 1435 631 1498 ἔθνος
644 1433 907 1512 καταστρεφόμενος

100 1521 149 1581 καὶ
168 1521 247 1582 οόδέν
266 1522 384 1598 παριείς.
416 1521 454 1583 τό.
471 1523 524 1600 μέν
544 1547 593 1583 νυν
608 1520 698 1582 αὐτῶν
718 1521 796 1580 πλέω
816 1522 905 1601 παρῆ-

98 1634 200 1685 σομεν·
227 1608 264 1671 τοὶ
287 1609 319 1669 δέ
344 1613 372 1670 οἱ
394 1611 522 1690 παρέσχε
541 1608 628 1670 πόνον
647 1635 680 1670 τε
701 1613 840 1671 πλεῖστον
861 1612 907 1671 καὶ

98 1695 346 1780 ἀξιαπηγητότατα
358 1702 429 1771 έστι,
441 1696 546 1760 τούτων
559 1696 756 1777 ἐπιμνήσομαι

141 1790 235 1863 Κῦρος
254 1787 317 1846 ε’πεί
332 1812 364 1847 τε
380 1786 417 1847 τό.
432 1786 591 1863 πάντατῆς
606 1786 722 1864 ἠπείρου
738 1787 953 1868 ὕποχείρια178

99 1874 263 1949 ε’ποιῆσατο,
275 1873 457 1952 Ἀσσυρίοισι
469 1876 620 1936 ἐπετίθετο.
644 1880 695 1951 τῆς
707 1876 738 1935 δὲ
749 1875 904 1954 Ἀσσυρίης

99 1963 163 2021 ε’στὶ
174 1960 211 2022 τό
221 1962 274 2040 μέν
287 1987 337 2021 κου
347 1962 393 2021 καὶ
402 1961 480 2021 ἄλλα
490 1964 658 2039 πολίσματα
670 1963 784 2043 μεγάλα
796 1963 901 2033 πολλὰ,

98 2048 133 2109 τδ
148 2050 179 2109 δὲ
193 2049 421 2127 ὀνομαστότατον
438 2051 485 2109 καὶ
505 2049 690 2129 ι’σχυρόταπον
708 2050 753 2108 καὶ
770 2050 835 2110 ἔνθα
848 2056 904 2126 σφι

99 2138 189 2198 Νίνου
201 2136 361 2198 αἷναστότου
373 2139 522 2220 γενομένης
533 2137 570 2197 τό
582 2136 726 2214 βασιλήϊα
738 2135 905 2213 κατεστήκεε

99 2223 134 2301 ἦν
152 2222 303 2302 Βαβυλών,
318 2229 405 2287 εὀΰσα
421 2224 536 2301 τοιαύτη
553 2224 588 2301 δή
602 2250 655 2287 τις·
675 2223 759 2288 πόλις
772 2224 863 2283 κέεται
876 2230 905 2285 ἐν

99 2313 185 2393 πεδίῳ
202 2312 327 2396 μεγόλῳ,
340 2314 462 2396 μέγαθος
481 2315 569 2374 έοῦσα
584 2312 714 2390 μέτωπον
732 2312 851 2372 ἕκαστον
869 2313 904 2371 εἵ-

100 2427 166 2461 κοσι
179 2402 226 2461 καὶ
242 2403 340 2463 έκατόν
358 2401 487 2471 σταδίων,
506 2398 608 2477 εὀθσης
625 2397 806 2481 τετραγώνου·
827 2397 904 2461 οὗτοι

99 2489 211 2549 στείδιοι
229 2494 281 2567 τῆς
299 2488 429 2569 περιόδου
445 2493 496 2565 πῆς
513 2487 615 2551 πόλιος
626 2488 750 2569 γίνονται
763 2486 903 2549 συνάπαν-

98 2602 143 2642 τες
162 2576 321 2659 ὀγδώκοντα
335 2578 383 2636 καὶ
399 2575 586 2654 τετρακόσιοι·
606 2575 639 2635 τό
657 2575 709 2653 μέν
722 2600 770 2637 νυν
782 2576 905 2659 μέγαθος

98 2664 237 2726 τοσοῦτόν
263 2670 325 2726 ε’στι
347 2668 398 2724 τοῦ
423 2663 524 2727 ἄστεος
549 2667 599 2724 τοῦ
624 2664 818 2741 Βαβυλωνίου.
848 2668 905 2723 ε’κε-

100 2752 228 2829 κόσμητο
241 2752 270 2812 δὲ
283 2753 320 2818 ώς
333 2752 412 2815 οὐδέν
427 2750 502 2812 ὅλλο
514 2751 646 2829 πόλισμα
657 2755 712 2812 τῶν
725 2750 805 2829 ἡμεῖς
817 2752 904 2827 ἴδμεν·

98 2840 208 2919 τάφρος
219 2841 272 2917 μὲν
284 2839 381 2917 πρῶτό
393 2865 443 2918 μιν
455 2839 551 2916 βαθέα
566 2864 597 2899 τε
616 2839 662 2897 καὶ
676 2839 756 2917 εὐρέα
769 2839 816 2899 καὶ
829 2838 903 2915 πλέη

99 2927 199 2992 ὕδατος
210 2929 341 3007 περιθέει·
359 2928 431 3006 μετό
444 2928 483 2999 δὲ,
496 2931 591 3007 τεῖχος
603 2926 775 3003 πεντήκοντα
787 2929 839 3003 μὲν
851 2952 903 3002 πη-

98 3018 170 3095 χέων
191 3017 352 3093 βασιληίων
374 3015 420 3077 έόν
445 3016 479 3076 τό
506 3014 593 3092 εὖρος,
614 3013 684 3093 ὕψος
705 3014 735 3073 δὲ
757 3012 904 3090 διηκοσίων

99 3105 221 3183 πηχέων·
244 3104 273 3182 (ό
297 3104 327 3163 δὲ
348 3096 503 3181 βασιλήῖος
523 3108 615 3182 πῆχυς
635 3107 689 3162 ποθ
709 3103 823 3179 μετρίου
843 3101 905 3159 ε’στὶ

29 3226 37 3239 ·
100 3191 206 3271 πήχεος
223 3192 313 3268 μέζων
332 3183 612 3271 τρισὶίδακτόλοισιφ
644 3193 697 3249 Δεῖ
711 3188 746 3265 δή
761 3214 797 3266 με
814 3185 951 3265 πρός179

100 3279 226 3342 τούτοισι
250 3279 291 3339 ἔτι
313 3277 433 3353 φράσαι,
455 3277 500 3337 ἵνα
518 3300 551 3337 τε
574 3281 604 3335 έκ
624 3280 675 3351 τῆς
695 3274 806 3354 τόφρου
826 3273 846 3351 ῆ
866 3278 905 3351 γῆ
