2150 3500
98 114 210 180 17-21]
437 118 572 168 οιαοιι.
853 124 902 172 τοι

99 195 291 270 μετεπέμπετο
305 194 337 265 ἐξ
350 194 553 273 Ἐλεφαντίνης
570 197 670 261 πόλιος
685 199 741 258 τῶν
752 195 903 277 Ἰχθυοφά-

98 305 157 361 γων
169 280 274 359 ἀνδρῶν
286 282 352 346 τούς
366 284 567 360 ἐπισταμένους
581 282 634 360 τήν
645 281 796 345 Αίθιοπιδα
807 290 902 366 γλῶσ-

97 393 165 429 σαν·
193 374 222 429 ἐν
241 366 263 447 ᾧ
283 368 314 429 δὲ
332 368 447 436 τούτους
465 369 612 447 μεπήῖσαν,
634 376 663 431 ἐν
682 371 770 451 τούτῳ
790 374 899 440 ἐκέλευε

97 457 147 515 ἐπὶ
165 455 218 532 τὴν
238 457 409 537 Καρχηδόνα
433 458 531 518 πλέειν
549 457 600 519 τόν
620 458 748 520 ναυτικόν
761 460 900 538 στρατόν·

97 544 225 608 Φοίνικες
236 545 267 604 δέ
280 543 331 605 οι’κ
344 546 455 622 ἐφασαν
468 544 599 622 ποιήσειν
615 550 714 607 ταῦτα·
734 546 860 625 ὁρκίοισί
868 575 900 609 τε

96 630 154 712 γάρ
173 624 326 714 μεγάλοισι
344 634 503 693 ἐνδεδέσθαι
522 634 569 693 καὶ
587 633 637 695 οὐκ
656 631 692 695 (ἐν
708 635 813 695 ποιέειν
832 634 900 695 ὅσια

95 720 146 777 ἐπὶ
155 720 220 783 τούς
228 721 328 785 παῖδας
337 719 402 784 τούς
412 725 517 781 ἑωυτῶν
525 721 751 799 στρατευόμενοι·
765 724 900 785 Φοινίκων

98 806 130 865 δέ
143 806 176 869 ού
187 809 377 885 βουλομένων,
389 812 416 869 οἱ
427 810 524 869 λοιποὶ
538 808 590 868 οόκ
602 809 753 889 οἷξιόμαχοι
766 811 898 892 ἐγίνοντο.

98 895 290 974 Καρχηδόνιοι
315 897 368 971 μέν
393 922 442 958 νυν
462 895 537 957 ὀὕτω
565 897 741 974 δουλοσύνην
766 898 900 979 διέφυγον

97 981 170 1059 πρός
190 984 333 1062 Περσέων·
360 982 525 1062 Καμβύσης
544 983 600 1066 γὰρ
618 986 689 1062 βίην
708 985 759 1045 ούκ
778 986 899 1046 ἐδικαίου

97 1072 272 1149 προσφέρειν
284 1072 399 1142 Φοίνιξι,
413 1070 457 1132 ὅτι
470 1072 564 1148 σφέας
575 1097 607 1133 τε
619 1071 718 1136 αὐτούς
731 1073 899 1133 ἐδεδώκεσαν

98 1157 232 1238 Πέρσῃσι
259 1159 305 1219 καὶ
330 1163 387 1223 πᾶς
409 1164 443 1220 ἐκ
459 1161 594 1219 Φοινίκων
612 1158 716 1236 ἤρτητο
736 1160 752 1219 ό
772 1159 899 1224 ναυτικός

97 1247 228 1323 στρατός.
269 1247 362 1311 δόντες
393 1247 424 1307 δέ
452 1246 498 1307 καὶ
528 1247 651 1324 Κύπριοι
679 1247 773 1323 σφέας
801 1247 900 1312 αύτούς

97 1334 232 1414 Πέρσησι
264 1334 463 1413 ἐστρατεύοντο
496 1333 538 1393 ἐπ’
567 1336 720 1415 Αἴγυπτον.
760 1334 842 1393 Ἐπεί
867 1362 899 1395 τε
908 1338 947 1396 20

97 1420 130 1481 δὲ
147 1426 187 1501 τῷ
207 1422 354 1502 Καμβύσῃ
375 1428 405 1483 ἐκ
424 1425 476 1497 τῆς
494 1420 696 1498 Ἐλεφαντίνης
715 1419 849 1482 ἀπίκοντο
870 1425 897 1482 οἱ

96 1507 289 1593 Ἰχθυοφάγοι,
303 1511 409 1587 ἔπεμπε
425 1508 525 1573 αὐτούς
543 1514 571 1573 ἐς
588 1510 653 1573 τούς
665 1509 802 1573 Αἰθίοπας
816 1514 896 1569 ἐντει-

96 1595 219 1673 λάμενος
236 1598 274 1657 τὰ
290 1598 385 1678 λέγειν
400 1597 465 1676 χρὴ,
483 1598 530 1657 καὶ
548 1597 623 1675 δῶρα
641 1599 779 1674 φέροντας
790 1597 898 1674 πορφύ-

94 1683 162 1760 ρεόν
174 1710 206 1744 τε
218 1684 283 1763 εἷμα
296 1685 342 1743 καὶ
354 1685 476 1764 χρύσεον
488 1683 630 1763 στρεπτόν
646 1686 839 1765 περιαυχένιον
852 1685 899 1743 καὶ

96 1771 185 1849 ψέλια
200 1774 246 1832 καὶ
264 1772 354 1850 μύρου
374 1771 562 1850 ἀλάβαστρον
582 1773 629 1832 καὶ
649 1773 806 1850 φοινικηίου
823 1773 899 1833 οἴνου

96 1858 190 1920 κάδον.
231 1863 259 1920 οἱ
279 1861 311 1920 δὲ
324 1860 458 1923 Αἰθίοπες
476 1858 562 1930 οὗτοι,
582 1865 611 1923 ἐς
627 1859 693 1924 τούς
714 1859 861 1936 ἀπέπεμπε
880 1860 897 1920 ὁ

96 1947 269 2024 Καμβύσης,
289 1948 421 2028 λέγονται
442 1947 512 2011 ἐἶναι
529 1948 661 2028 μέγιστοι
681 1947 727 2006 καὶ
747 1946 898 2008 κάλλιστοι

96 2032 249 2112 ἀνθρώπων
260 2034 381 2096 πάντων·
399 2033 514 2112 νόμοισι
532 2034 563 2093 δὲ
582 2035 629 2093 καὶ
641 2033 759 2093 ἄλλοισι
771 2035 897 2111 χρᾶσθαι

96 2120 198 2188 αύτούς
212 2129 287 2200 φασι
307 2121 540 2204 κεχωρισμένοισι
556 2124 612 2181 τῶν
629 2118 725 2180 ἄλλων
737 2119 898 2197 ἀνθρώπων,

96 2210 145 2270 καὶ
158 2211 193 2286 δὴ
209 2211 256 2270 καὶ
274 2209 346 2271 κατοὶ
365 2210 418 2288 τήν
437 2208 596 2285 βασιληίην
610 2207 716 2286 τοιῷδε·
735 2206 786 2267 τόν
798 2205 833 2267 ἂν
844 2211 900 2267 τῶν

96 2297 193 2359 οἷστοῖν
200 2300 314 2377 κρίνωσι
322 2296 459 2379 μέγιστόν
468 2322 500 2356 τε
512 2295 583 2355 εἶναι
592 2295 638 2353 καὶ
651 2293 723 2353 κατὰ
731 2291 765 2354 τό
774 2294 898 2377 μέγαθος

97 2385 171 2464 ἔχειν
183 2386 236 2462 τήν
249 2386 340 2466 ἰσχύν,
352 2389 454 2446 τοῦτον
466 2383 578 2454 οἷξιοῦσι
590 2380 764 2459 βασιλεύειν.

137 2471 186 2537 Ἐς
210 2473 325 2554 τούτους
344 2473 379 2548 δὴ
400 2471 438 2533 ὧν
456 2471 521 2535 τούς
541 2469 642 2549 ἄνδρας
661 2469 698 2535 οἷς
717 2469 851 2532 ἀπίκοντο
871 2471 943 2531 οί21

96 2558 290 2642 Ἰχθυοφάγοι,
311 2561 433 2624 διδόντες
451 2559 488 2620 τά
507 2560 582 2636 δῶρα
600 2563 640 2639 τῷ
658 2561 781 2635 βασιλέϊ
800 2559 898 2628 αὐτῶν,

94 2649 197 2730 ἔλεγον
218 2649 294 2710 τάδε·
328 2658 346 2686 “
355 2646 496 2712 Βασιλεύς
521 2646 539 2708 ό
565 2648 700 2732 Περσέων
727 2646 897 2724 Καμβύσης,

95 2736 273 2813 βουλόμενος
286 2737 372 2813 φίλος
384 2761 429 2797 τοι
444 2735 491 2796 καὶ
508 2734 598 2804 ξεῖνος
613 2735 754 2816 γενέσθαι,
767 2734 856 2810 ἡμέας
867 2756 899 2791 τε

95 2822 248 2902 ἀπέπεμψε
267 2827 296 2887 ἐς
315 2823 418 2905 λόγους
436 2848 481 2883 τοι
502 2823 595 2882 ἐλθεῖν
614 2821 741 2890 κελεύων,
760 2821 806 2878 καὶ
824 2819 899 2896 δῶρα

94 2910 187 2974 ταῦτά
211 2936 258 2971 τοι
282 2910 355 2973 διδοῖ
375 2913 452 2971 τοῖσι
475 2910 521 2968 καὶ
548 2907 633 2970 αὐτός
655 2907 783 2983 μάλιστα
804 2904 901 2980 ἥδεται

95 2997 279 3078 χρεώμενος.”
319 2997 336 3060 ό
365 2997 396 3058 δέ
425 2997 532 3074 Αἰθίοψ
561 2994 659 3072 μαθων
688 2993 733 3055 ὅτι
763 2992 900 3052 κατόπται

90 3085 200 3161 ἥκοιεν,
213 3087 291 3166 λέγει
304 3084 375 3162 πρός
392 3083 491 3147 αὐτούς
507 3083 610 3145 τοιάδε·
632 3078 722 3140 “ούτε
735 3079 752 3140 ὅ
766 3078 901 3155 Περσέων

95 3172 240 3252 βασιλεύς
259 3173 334 3249 δῶρα
356 3171 442 3247 ύμέας
468 3171 575 3245 ἔπεμψε
602 3166 739 3245 φέροντας
757 3167 901 3244 προτιμῶν

94 3263 211 3381 πολλργῒ
227 3260 300 3336 ’ἐμοὶ
326 3258 414 3329 ξεῖνος
441 3256 581 3331 γενέσθαι,
609 3253 680 3314 οὔτε,
698 3252 777 3330 ὑμεῖς
802 3251 901 3326 λέγετε
