2150 3500
170 125 219 172 τις
476 120 661 170 Ἧνοιοπου
906 119 963 183 [τυ.

168 207 221 263 τοῦ
237 201 329 263 πλόου
347 201 393 266 καὶ
407 200 459 277 τήν
477 202 601 278 ἐρημίην,
615 199 727 276 ἀπῆλθε
740 198 840 269 όπίσω,
855 197 909 258 ούδ
923 203 965 258 ἐπ·

171 291 285 350 ἐτέλεσε
300 289 351 350 τόν
367 289 482 358 ἐπέταξέ
499 292 526 347 οἶ
543 288 563 363 ή
582 287 675 364 μήτηρ
696 285 809 346 άεθλον·
833 287 966 366 θυγατέρα

170 378 226 460 γὰρ
247 377 379 455 Ζωπύρου
399 381 449 436 τοῦ
469 375 644 456 Μεγαβύζου
665 375 806 451 ἐβιήσατο
823 375 965 450 παρθένον·

173 468 268 525 ἔπειτα
285 467 443 542 μέλλοντος
460 463 546 522 αὐτοῦ
562 463 608 523 διαὶ
623 463 727 538 ταύτην
739 461 793 539 τήν
805 465 896 538 αἰτίην
907 461 967 521 οἴνα-

173 554 392 614 σκολοπιεῖσθαι
410 551 466 612 ὖπό
486 551 595 629 Ξέρξεω
610 551 759 627 βασιλέος,
776 549 797 624 ἡ
811 548 904 626 μήτηρ
921 554 968 609 τοῦ

174 640 451 710 Σατάσπεος-ἐοῦσα
472 638 593 715 Δαρείου
613 637 747 714 ἀδελφεή,
767 636 967 714 παραιτήσατο,

173 729 257 805 φᾶσά
274 732 301 788 οί
321 727 390 803 αὕτη
406 728 479 805 μέζω
495 727 597 803 ζημίην
612 725 757 801 ἐπιθήσειν
768 724 842 801 ἥπερ
861 729 968 785 ἐκεῖνον·

174 815 286 892 Λιβύην
297 815 353 897 γάρ
367 819 394 874 οἱ
406 815 530 895 ἀνάγκην
544 814 661 874 ἔσεσθαι
673 811 852 890 περιπλώειν,
866 817 893 876 ἐς
907 811 925 872 ὃ
938 810 969 872 ἂν

173 905 307 980 ἀπίκηται
323 904 481 982 περιπλέων
493 901 582 978 αύτήν
595 907 622 965 ἐς
634 900 685 962 τόν
696 900 836 979 Ἀράβιον
857 900 969 961 κόλπον·

174 991 411 1073 συγχωρήσαντος
424 990 454 1049 δέ
462 989 572 1067 Ξέρξεω
586 989 632 1048 ἐπὶ
644 987 779 1059 τούτοισι,
791 988 807 1048 ό
820 987 971 1064 Σατάσπης

158 1083 163 1093 “
176 1078 344 1157 ἀπικόμενος
357 1083 384 1142 ἐς
397 1079 540 1158 Αἴγυπτον
548 1077 594 1136 καὶ
607 1075 707 1152 λαβιδν
717 1077 766 1136 νέα
778 1102 810 1136 τε
821 1076 867 1134 καὶ
875 1075 972 1140 ναύτας

174 1167 252 1245 παρὰ
263 1166 376 1237 τούτων,
391 1167 473 1225 ἔπλεε
485 1164 563 1242 παραὶ
575 1163 750 1242 Ἡρακληίας
763 1163 883 1239 στήλας·
906 1163 972 1222 διεκ-

175 1255 294 1319 πλώσας
313 1255 343 1314 δὲ
364 1255 410 1312 καὶ
430 1252 544 1331 κάμψας
562 1253 596 1313 τό
614 1251 785 1330 ἀκρωτήριον
797 1257 850 1328 τῆς
865 1252 974 1328 Λιβύης

174 1349 214 1424 τῷ
233 1343 338 1421 ούνομα
358 1340 474 1406 Σολόεις
494 1341 565 1411 ἐστὶ,
586 1342 670 1400 ἔπλεε
687 1339 759 1416 πρός
782 1340 975 1417 μεσαμβρίην·

176 1431 304 1509 περήσας
319 1431 349 1490 δέ
366 1429 517 1489 θάλασσαν
534 1428 649 1504 πολλὴν
665 1433 694 1488 ἐν
711 1431 852 1487 πολλοῖσι
864 1428 975 1505 μήνεσι,
1054 1499 1055 1518 ¹

175 1521 238 1578 ἐπεί
254 1525 286 1579 τέ
304 1522 354 1577 τοῦ
369 1519 493 1579 ’πλεῦνος
516 1516 570 1574 αἰεὶ
594 1515 658 1585 ἔδεε,
680 1514 863 1594 ἀποστρέψας
884 1515 976 1575 ὀπίσω
1054 1525 1055 1534 ’

175 1605 299 1664 ἀπέπλεε
312 1611 339 1667 ἐς
352 1604 504 1684 Αἴγυπτον·
522 1609 552 1662 ἐκ
566 1603 596 1662 δέ
607 1602 710 1679 ταύτης
723 1601 893 1679 ἀπικόμενος
900 1604 977 1680 παρά

175 1694 303 1769 βασιλέα
322 1693 436 1770 Ξέρξεα,
454 1693 534 1774 ἔλεγε
554 1691 612 1769 φάς
626 1691 662 1753 τά
681 1691 854 1769 προσωτάτω
872 1691 978 1769 άνθριύ-

174 1806 244 1843 πους
267 1780 403 1858 σμικρούς
424 1780 606 1859 παραπλέειν,
629 1781 729 1856 ἐσθῆτι
752 1781 897 1858 φοινικηίῃ
921 1780 978 1840 δια-

173 1869 354 1949 χρεωμένους
375 1868 411 1939 οί,
424 1867 494 1932 ὅκως
512 1872 598 1944 σφἐἳς
611 1869 779 1949 καταγοίατο
791 1872 828 1947 τῇ
840 1870 896 1945 νηῒ,
912 1868 979 1944 φεύ-

176 1983 280 2038 γεσκον
296 1956 368 2035 πρός
386 1956 422 2017 τό
442 1956 525 2032 οὔρεα
545 1957 689 2019 λείποντες
700 1955 751 2019 τοὶς
763 1955 876 2019 πόλιας·
897 1955 980 2016 αύτοὶ

176 2046 206 2106 δὲ
231 2045 348 2107 άδικέειν
371 2044 450 2105 οὐδὲν
472 2044 603 2114 ἐσιόντες,
624 2042 759 2122 πρόβατα
781 2044 811 2102 δὲ
835 2048 927 2120 μοῦνα
949 2045 981 2115 ἐξ
1054 2070 1055 2075 ’

176 2135 279 2195 αύτέων
298 2134 466 2212 λαμβάνειν·
486 2136 536 2193 τοῦ
557 2132 587 2191 δὲ
606 2132 646 2209 μή
663 2136 844 2210 περιπλῶσαι
864 2133 981 2209 Λιβύην

175 2226 326 2292 παντελῶς,
340 2223 428 2281 αἴτιον
440 2220 505 2281 τόδε
518 2222 606 2302 ἔλεγε,
619 2220 653 2280 τό
666 2224 769 2280 πλοῖον
781 2220 814 2281 τό
828 2220 929 2297 πρόσω
946 2221 981 2280 ού

177 2310 294 2372 δυνατόν
307 2312 346 2368 ἔτι
363 2310 537 2386 προβαίνειν,
551 2307 617 2367 ἀλλ’
632 2308 805 2387 ἐνίσχεσθαι·
826 2308 937 2383 Ξέρξης
951 2308 983 2367 δέ

178 2396 211 2455 οὔ
226 2402 252 2455 οἱ
266 2397 464 2477 συγγινώσκων
472 2398 565 2477 λέγειν
578 2394 695 2472 α’ληθέα,
710 2395 759 2454 ούκ
774 2395 984 2457 ἐπιτελέσαντά

175 2510 206 2543 τε
225 2484 274 2543 τόν
293 2485 475 2560 προκείμενον
495 2484 598 2545 ἄεθλον
621 2482 837 2552 ἀνεσκολόπισε,
857 2484 912 2559 τήν
931 2483 984 2561 α’ρ-

176 2571 260 2651 χαίην
281 2570 359 2647 δίκην
380 2575 522 2647 ἐπιτιμῶν.
555 2572 655 2632 τούτου
677 2574 706 2632 δὲ
732 2576 783 2631 τοῦ
810 2572 986 2637 Σατάσπεος

178 2659 306 2739 εύνοῦχος
321 2658 427 2737 οἷπέδρη
441 2665 469 2723 ἐς
482 2658 587 2736 Σάμον,
602 2660 664 2718 ἐπεί
676 2686 708 2720 τε
722 2658 840 2719 ἐπύθετο
853 2659 986 2739 τάχιστα

175 2748 225 2807 τόν
244 2748 383 2808 δεσπότεα
399 2748 622 2822 τετελευτηκότα,
638 2749 707 2827 ἔχων
719 2746 851 2825 χρήματα
863 2747 987 2828 μεγάλα

177 2836 217 2896 ταὶ
227 2834 333 2911 Σάμιος
341 2834 410 2911 ἀνὴρ
421 2836 550 2913 κατέσχε·
565 2838 615 2893 τοῦ
626 2835 810 2911 ἐπιστάμενος
819 2834 853 2893 τό
862 2834 986 2912 οὕνομα,

178 2921 245 2979 ἑκών
259 2920 438 2997 ἐπιλήθομαι.

131 3006 167 3062 44
208 3011 265 3081 Τῆς
284 3007 314 3066 δὲ
333 3007 433 3083 Ἀσίης
449 3006 486 3067 ταὶ
504 3007 601 3066 πολλοὶ
621 3008 819 3086 ύπόΔαρείου
839 3008 989 3087 ἐξευρέθη·

176 3089 206 3152 ὃς
223 3093 398 3170 βουλόμενος
412 3093 501 3153 Ἰνδόν
513 3095 650 3171 ποταμόν,
665 3096 696 3159 ὃς
710 3096 909 3173 κροκοδείλους
922 3098 990 3157 δεύ-

175 3198 254 3248 τερος
272 3176 353 3240 οὗτος
365 3184 499 3255 ποταμῶν
511 3180 622 3239 πάντων
635 3180 797 3261 παρέχεται,
813 3188 920 3245 τοῦτον
934 3183 993 3245 τόν

175 3263 304 3335 ποταμόν
325 3264 423 3322 εἰδέναι
442 3270 478 3342 τῇ
504 3270 532 3327 ἐς
556 3267 709 3327 θάλασσαν
736 3269 848 3339 ἐκδιδοῖ,
873 3272 992 3349 πέμπει
