2150 3500
60 187 63 191 ,
96 132 212 197 ει-ιι]
418 133 586 186 πυτιναῖα
855 135 902 186 ιιι

95 210 237 288 μαντήῖον
249 212 421 292 ’(χρᾶσθαιύ
440 212 499 274 (ἰπδ
511 216 564 292 μὲν
577 214 611 291 δὴ
625 207 726 276 τούτου
736 218 788 276 τοῦ
800 213 903 294 χρόνου

97 300 182 360 ἔθυον
195 303 271 360 τοῖσι
290 300 429 378 οὐνόμασι
443 305 499 361 τῶν
515 303 585 362 θεῶν
601 300 761 381 χρεόμενοι·
782 302 859 378 παροὶ
870 301 902 362 δέ

97 387 262 468 Πελασγῶν
269 387 411 465 Ἕλληνες
424 389 582 459 ἐξεδέξαντο
595 390 721 467 ὕστερον.
757 389 858 450 Ἔνθεν
872 390 901 449 δὲ
909 393 946 451 53

97 475 209 554 ἐγένετο
223 477 340 539 ἕκαστος
351 481 407 536 τῶν
421 478 498 547 θεῶν,
513 478 539 536 εί
549 503 580 538 τε
596 477 618 537 δ’
632 479 685 536 αἰεὶ
700 477 776 553 ἦσαν
791 476 899 548 πάντες,

96 560 241 623 ὁκοῖοίτέ
258 589 330 628 τινες
349 563 386 625 τά
407 565 488 636 εἴδεα,
500 603 505 615 ι
516 564 567 624 οὐκ
587 563 743 641 ἠπιστέατο
762 566 847 645 μέχρι
867 562 900 626 οὐ

94 649 195 726 πράνην
212 651 311 710 τεκαὶ
330 653 405 730 χθὲς,
421 650 466 716 οἱς
477 656 563 713 εἰπεῖν
583 651 669 734 λόγῳ·
689 650 824 713 Ἡσίοδον
842 652 899 733 γάρ

96 735 283 816 καὶὍμηρον
295 738 408 816 ἡλικίην
423 740 633 819 τετρακοσίοισι
654 741 729 802 ἔτεσι
745 741 830 800 δοκέω
844 765 898 817 μευ

94 827 307 904 πρεσβυτέρους
319 829 467 909 γενέσθαι,
474 829 520 888 καὶ
533 827 566 888 οὐ
579 830 692 889 πλέοσι·
710 827 786 889 οὗτοι
799 830 831 889 δέ
843 833 899 889 εἱσι

95 915 126 971 οἱ
145 913 313 989 ποιήσαντες
333 917 477 998 θεογονίην
492 916 628 993 Ἕλλησι,
648 917 694 977 καὶ
708 921 785 978 τοῖσι
806 919 898 977 θεοῖσι

93 999 151 1064 τάς
168 1004 321 1079 ἐπωνυμίας
335 1003 436 1075 δόντες,
452 1005 499 1064 καὶ
514 1004 596 1081 τιμάς
611 1030 642 1066 τε
662 1004 708 1064 καὶ
727 1005 825 1083 τέχνας
845 1006 898 1064 διε-

93 1087 195 1153 λόντες
207 1091 254 1151 καὶ
266 1091 340 1150 εἴδεα
352 1090 442 1152 αὐτῶν
455 1091 640 1172 σημήναντες.
678 1096 706 1152 οἱ
718 1092 748 1152 δέ
760 1091 897 1170 πρότερον

93 1177 212 1251 ποιηταὶ
236 1177 385 1258 λεγόμενοι
410 1179 514 1240 τούτων
539 1183 595 1240 τῶν
621 1178 727 1257 ἀνδρῶν
753 1181 894 1262 γενέσθαι,

53 1329 56 1334 ,
93 1261 223 1341 ὕστερον,
238 1268 303 1343 ἐμοί
319 1293 353 1349 γε
370 1267 485 1338 δοκέειν,
500 1269 627 1348 ἐγένοντο
646 1267 760 1328 τούτων.
792 1269 838 1327 καὶ
857 1269 894 1328 τοὶ

93 1353 150 1426 μὲν
175 1357 271 1430 πρῶτα
296 1359 326 1414 αἱ
353 1356 510 1419 Δωδωνιδες
540 1355 627 1432 ἱρηῖαι
652 1355 778 1435 λέγουσι,
804 1356 839 1416 τά
866 1357 897 1416 δὲ

92 1437 210 1518 ὐστερα,
223 1441 260 1502 τά
280 1446 307 1506 ἐς
322 1441 458 1504 Ἡσίοδόν
469 1468 501 1506 τε
514 1443 561 1502 καὶ
576 1443 705 1521 Ὀμηρον
719 1444 826 1523 ἔχοντα,
841 1443 896 1524 ἐγαὶ

92 1527 182 1609 λέγω.
950 1599 954 1608 ,

144 1619 330 1696 Χρηστηρίων
341 1619 372 1680 δὲ
384 1621 456 1698 πέρι,
473 1623 525 1680 τοί
541 1645 573 1681 τε
593 1624 622 1681 ἐν
636 1618 764 1697 Ἕλλησι
783 1619 829 1680 καὶ
843 1624 894 1682 τοῦ
902 1623 941 1681 54

93 1707 125 1765 ἐν
144 1705 250 1786 Λιβύη,
263 1707 342 1769 τόνδε
359 1707 507 1791 Αἰγύπτιοι
526 1708 614 1791 λόγον
634 1709 762 1791 λέγουσι·
783 1709 895 1785 ἔφασαν

93 1796 123 1853 οἱ
136 1794 210 1870 ἱρέες
220 1800 271 1855 πού
286 1798 428 1873 Θηβαιέος
439 1797 508 1861 Διύς
528 1796 599 1857 “δύο
611 1800 743 1879 γυναῖκας
760 1797 849 1874 ἱρηΐας
862 1802 893 1857 ἐκ

92 1882 214 1956 Θηβέων
223 1883 374 1962 ἐξαχθῆναι
384 1884 440 1945 ι’πδ
452 1886 594 1959 Φοινίκων·
611 1885 657 1943 καὶ
669 1884 722 1960 την
729 1888 781 1961 μὲν
791 1885 894 1945 αὐτέων

91 1969 235 2029 πυθέσθαι
247 1976 275 2034 ἐς
292 1970 404 2047 Λιβύην
421 1973 585 2050 πρηθεῖσαν,
605 1972 656 2047 τήν
670 1972 700 2031 δὲ
713 1976 740 2034 ές
753 1972 817 2035 τούς
825 1971 893 2032 Ἔλ-

91 2061 191 2133 ληνας·
205 2058 307 2123 ταύτας
320 2060 351 2119 δὲ
362 2060 412 2124 τοὶς
423 2064 555 2141 γυναῖκας
569 2060 638 2120 εἰναι
647 2059 697 2122 τὰς
710 2060 894 2137 ἱδρυσαμένας

91 2144 131 2204 τιὶ
155 2147 277 2223 μαντήία
299 2146 409 2225 πρόπας
429 2153 458 2207 ἐν
476 2150 554 2208 τοῖσι
580 2147 750 2224 εἰρημένοισι
776 2146 893 2206 ἐθνεσι·”

92 2234 236 2310 εἰρομένου
249 2235 280 2295 δέ
291 2261 353 2312 μευ,
366 2234 465 2295 ὁκόθεν
478 2233 549 2295 οὐτω
563 2232 696 2311 ἀτρεκέως
714 2233 893 2311 ἐπιστάμενοι

91 2323 229 2403 λέγουσι;
249 2324 361 2399 ἔφασαν
383 2321 454 2399 πρός
478 2326 575 2392 ταῦτα,
602 2320 740 2397 “ζήτησιν
765 2320 892 2402 μεγάλην

91 2408 151 2469 άπιὶ
176 2411 273 2486 σφέων
294 2410 427 2492 γενέσθαι
449 2413 505 2471 τῶν
526 2413 663 2492 γυναικῶν
684 2410 811 2470 τουτέων·
846 2410 892 2469 καὶ

33 2539 38 2545 ·
90 2496 215 2575 άνευρεὶν
233 2499 286 2583 μέν
305 2505 398 2574 σφεας
417 2497 450 2557 οὐ
469 2498 581 2558 δυνατοὶ
599 2498 739 2578 γενέσθαι,
753 2498 893 2559 πυθέσθαι

91 2585 123 2645 δὲ
141 2584 260 2665 ὕστερον
284 2589 378 2668 ταῦταΙ
398 2586 462 2663 περὶ
482 2585 586 2647 αὐτέων
604 2585 692 2664 τοίπερ
713 2585 748 2663 δή
769 2584 891 2667 ἐλεγον.”

90 2676 185 2733 Ταῦτα
196 2676 249 2752 μέν
261 2700 311 2736 νυν
321 2678 377 2735 τῶν
390 2678 419 2735 ἐν
429 2673 548 2752 Θήβησι
561 2674 639 2751 ἱρέων
651 2673 762 2749 ἤκουον’
782 2673 848 2734 τάδε
861 2674 891 2733 δὲ
899 2674 938 2732 55
969 2670 975 2681 ’

90 2761 259 2823 Δωδωναίων
271 2764 347 2839 φασὶ
360 2764 393 2830 αἱ,
402 2761 577 2840 προμάντιες·
599 2761 668 2821 “δύο
683 2761 831 2825 πελειάδας
842 2786 891 2839 με·

89 2849 189 2913 λαίνας
215 2855 247 2910 ἐκ
272 2850 391 2928 Θηβέων
410 2854 470 2910 ’τῶν
490 2848 662 2929 Αἰγυπτιέων
689 2847 890 2925 ἀναπταμένας,

88 2936 142 3012 τὴν
152 2939 206 3014 μὲν
218 2937 321 2999 αὐτέων
340 2943 367 3002 ἐς
380 2937 500 3014 Λιβύην,
513 2937 566 3011 τήν
581 2936 611 2995 δὲ
626 2934 703 3012 παραὶ
716 2935 808 3010 σφέας
827 2933 889 2994 οἷπι-

88 3025 200 3085 κέσθαι·
214 3026 342 3103 ἱζομένην
352 3025 384 3085 δέ
395 3051 443 3101 μιν
457 3025 503 3084 ἐπὶ
516 3021 610 3104 φηγόν
624 3020 797 3093 αὐδάξασθαι
810 3025 890 3099 φωνῇ

87 3111 258 3193 ἀνθρωπηίῃ,
273 3113 308 3177 οἱς
320 3113 409 3192 χρεων
422 3112 464 3188 εἰη
477 3108 612 3188 μαντήϊον
622 3107 720 3169 αὐτόθι
734 3107 803 3172 Διός
815 3109 888 3189 γενέ-

87 3201 168 3260 σθαι·
189 3202 235 3260 καὶ
248 3200 347 3263 αὐτοὺς
358 3199 518 3276 ὐπολαβεῖν
530 3199 606 3258 θεῖον
620 3197 689 3256 εἶναι
706 3194 740 3255 τό
754 3199 891 3277 ἐπαγγελ-

87 3286 210 3361 λόμενον
222 3287 343 3357 αὐτοῖσι,
357 3288 406 3346 καί
415 3292 508 3361 σφεας
521 3289 552 3343 ἐκ
572 3283 673 3344 τούτου
690 3286 817 3357 ποιῆσαι·
837 3280 891 3357 τήν
