2150 3500
159 128 190 176 68
465 125 650 178 ἨΡΟΔΟΤΟΤ
697 175 702 182 ,
923 122 964 190 [I.

157 206 248 286 δῆτῷ
265 207 359 268 θύοντι
380 207 435 286 ἰδίη
454 206 548 286 μούνῳ
571 205 604 267 ού
625 209 653 266 οῖ
673 205 811 287 ἐγγίνεται
834 202 965 282 ἅρᾶσθαι

157 293 260 376 ἅγαθιί·
281 294 298 354 ό
311 295 340 354 δὲ
353 300 426 356 πᾶσι
438 299 515 355 τοῖσι
525 294 660 374 Πέρσησι
669 291 832 371 κατεύχεται
845 291 876 352 εὖ
888 295 964 375 γίνε·

158 383 235 451 σθαι,
257 384 303 442 καὶ
322 387 361 461 τῷ
376 385 505 460 βασιλεῖ·
527 385 557 442 ἐν
571 382 627 464 γὰρ
645 381 678 456 δὴ
692 383 768 441 τοῖσι
781 378 873 440 ἅπασι
886 381 965 460 Πέρ·

158 495 231 549 σησι
246 472 292 530 καὶ
311 470 394 535 αύτδς
405 473 520 552 γίνεται·
541 469 626 531 ε’πειῖν
639 469 669 529 δὲ
686 467 872 545 διαμιστύλας
888 470 965 530 κατὰ

157 558 244 634 μέρεα
262 558 295 618 τό
313 559 402 636 ἱρήϊον
415 557 510 638 ἑψήσῃ
521 557 559 619 τὰ
572 556 647 635 κρέα,
660 555 811 619 ύποπόσας
827 557 913 632 ποίην
924 556 964 622 οἷς

124 669 127 676 “
159 643 346 722 ἁπαλωτάτην
363 644 491 724 μάλιστα
508 645 539 706 δὲ
555 644 589 706 τό
608 646 775 722 τρίφυλλον,
793 643 840 702 ἐπὶ
857 643 964 722 ταύτης

159 733 240 808 ἔθηκε
256 733 293 793 ὦν
307 733 400 794 πάντα
415 732 544 812 τοὶ-κρέα·
566 732 708 794 διαθέντος
719 731 750 790 δὲ
761 729 856 803 αύτοῦ,
868 731 963 814 μάγος

158 817 228 898 ἀνήρ
248 820 408 898 παρεστεὼς
429 820 549 880 ἐπαείδει
568 820 713 900 θεογονίην
728 818 790 894 οἴην
805 818 841 894 δή
861 823 962 880 ε’κεῖνοι

157 907 277 988 λέγουσι
295 907 365 969 εἶναι
382 908 434 984 τήν
450 906 592 985 ἐπαοιδήν·
612 906 677 967 ἄνευ
692 905 749 988 γοῖρ
766 905 800 982 δή
813 905 908 988 μάγου
926 906 961 968 ού

159 1000 216 1071 σφι
234 994 319 1071 νόμος
337 996 399 1055 ἐστὶ
416 995 515 1059 θυσίας
534 994 690 1056 ποιέεσθαι·
718 992 843 1072 ε’πιοχιδν
856 994 888 1053 δὲ
899 993 961 1055 ὀλί-

157 1106 210 1162 γον
227 1080 337 1160 χρόνον,
351 1080 525 1159 ἀποφέρεται
536 1081 554 1143 ὁ
566 1081 656 1145 θύσας
668 1080 705 1143 τὰ
718 1080 787 1159 κρέο-
797 1081 843 1140 καὶ
855 1085 962 1161 χρᾶται

159 1166 177 1228 ὅ
187 1193 216 1228 τι
227 1194 277 1244 μιν
289 1168 376 1251 λόγος
389 1171 484 1247 αἱρέει.

112 1257 169 1315 133
209 1255 335 1334 Ἡμέρην
348 1257 377 1318 δὲ
390 1257 521 1319 οἷπασέων
532 1257 662 1336 μάλιστα
674 1256 779 1332 ε’κείνην
788 1259 873 1334 τιμᾶν
881 1258 960 1335 νομί·

159 1345 240 1416 ζουσι
257 1349 294 1424 τῇ
312 1346 430 1408 ἕκαστος
445 1346 565 1426 ἐγένετο.
598 1350 628 1405 έν
638 1343 727 1424 ταύτῃ
739 1345 770 1404 δὲ
781 1345 860 1404 πλέω
878 1344 961 1406 δαῖτα

157 1436 213 1492 τοῖν
234 1431 330 1492 ἄλλων
351 1433 487 1492 δικαιεῦσι
507 1433 701 1510 προτίθεσθαι·
722 1436 752 1492 ἔν
767 1435 804 1510 τῇ
824 1435 852 1492 οἶ
872 1430 962 1494 εύδαί-

157 1543 241 1595 μονες
260 1519 350 1580 αὐτοῖν
366 1521 440 1596 βοῦν
459 1521 507 1579 καὶ
524 1520 612 1580 ῖππον
627 1520 673 1580 καὶ
689 1516 816 1597 κόμηλον
832 1520 879 1579 καὶ
896 1518 960 1582 ὄνον

158 1607 348 1683 προτιθέαται,
361 1607 445 1670 ὅλους
460 1606 563 1670 ὀπτούς
580 1611 609 1667 έν
622 1608 774 1684 καμίνοισι·
795 1609 823 1666 οῖ
834 1606 865 1666 δὲ
877 1606 959 1685 πέιη·

155 1718 202 1758 τες
223 1692 313 1754 αὐτῶν
332 1692 369 1754 τὰ
394 1692 485 1755 λεπτὰ
510 1698 568 1757 τοῖν
589 1693 743 1773 προβάτων
768 1695 959 1772 προτιθέαται.

157 1782 313 1842 σίτοισιδέ
332 1780 458 1863 ὀλίγοισι
477 1785 620 1862 χρέωνται,
638 1781 835 1861 ἐπιφορήμασι
847 1783 877 1842 δὲ
889 1788 960 1844 πολ-

155 1870 235 1927 λοῖσι
258 1869 304 1928 καὶ
327 1868 377 1930 οὐκ
397 1868 492 1931 ἁλέσι·
519 1872 571 1931 καὶ,
586 1870 633 1931 διὰ
651 1875 736 1931 τοῦτο
755 1870 830 1947 φασὶ
845 1871 959 1948 Πέρσαι

157 1955 248 2020 κτούς
265 1954 411 2033 Ἓλληνας
433 1959 612 2037 σιτεομένους
635 1961 786 2021 πειναῖντας
809 1955 957 2030 παύεσθαι,

156 2043 200 2103 ὅτι
226 2050 283 2121 σφι
308 2043 364 2106 ἀπό
391 2044 504 2107 δείπνου
529 2045 740 2125 παραφορέεται
764 2042 843 2105 οὐδὲν
868 2044 959 2126 λόγου

155 2128 243 2201 ἄξιον·
271 2136 295 2192 εί
310 2132 342 2192 δέ
357 2158 386 2193 τι
405 2134 609 2212 παραφέροιτο,
622 2133 769 2197 ἐσθίοντας
785 2131 820 2193 ἂν
839 2131 872 2192 ού
888 2132 958 2193 παύ-

156 2219 263 2279 εσθαι.”
296 2220 360 2300 οἴνῳ
381 2221 411 2281 δὲ
432 2220 521 2299 κάρτα
541 2221 725 2299 προσκέαται·
755 2220 806 2280 καί
828 2225 885 2297 σφι
907 2220 958 2281 ούκ

158 2308 258 2385 ε’μέσαι
273 2308 371 2379 ἔξεστι,
387 2308 448 2369 ούκῖ
461 2308 582 2388 ούρῆσαι
593 2308 688 2369 οἷντίον
700 2307 803 2368 ἄλλον.

198 2399 294 2455 Ταῦτα
312 2396 364 2472 μέν
377 2406 426 2455 ’νυν
439 2395 509 2456 οὕτω
526 2395 718 2473 φυλόσσεται.
750 2392 958 2472 μεθυσκόμενοι

156 2480 186 2540 δὲ
200 2481 303 2541 έοίθασι
314 2481 505 2565 βουλεύεσθαι
516 2483 554 2543 τὰ
566 2484 794 2544 σπουδαιέστατα
805 2486 956 2564 τῶντρηγ-

153 2566 258 2647 μάτων·
278 2568 311 2628 τό
328 2568 351 2627 δ’
365 2567 399 2628 ἂν
417 2568 470 2649 ἅδῃ
490 2576 548 2647 σφι
564 2571 807 2649 βουλευομένοισι,
820 2573 904 2630 τοῦτο
920 2574 957 2649 τῇ

154 2655 288 2734 ὑστεραίῃ
308 2654 432 2731 νήφουσι
451 2658 580 2735 προτιθεῖ
598 2658 615 2719 ό
634 2659 791 2739 στέγαρχος
811 2662 841 2718 ἐν
855 2661 906 2717 τοῦ
923 2656 958 2719 ἂν

157 2741 247 2807 ε’όντες
265 2743 467 2820 βουλεύωνται·
495 2748 542 2805 καὶ
560 2745 596 2822 ἣν
615 2748 667 2823 μὲν
687 2746 740 2824 ἅδῃ
757 2746 804 2805 καὶ
823 2744 956 2821 νήφουσι,

155 2832 291 2909 χρέωνται
310 2829 407 2911 αὐτέῳ·
430 2831 466 2909 ἢν
482 2833 511 2893 δέ
530 2833 572 2910 μή
592 2832 654 2911 ἅδη,
675 2836 805 2909 μετιεῖσι·
828 2832 864 2891 τὰ
882 2830 906 2891 δ’
922 2830 958 2893 ἂν

156 2916 292 2994 νήφοντες
311 2920 587 2997 προβουλεύσωνται,
599 2919 806 2996 μεθυσκόμενοι
824 2919 958 3000 ἐπιδιαγι-

110 3004 326 3066 134νιύσκουσι.
363 3006 595 3088 Ἐντυγχόνοντες
617 3003 641 3064 δ’
661 3005 818 3081 ἀλλήλοισι
841 3010 871 3065 ἓν
889 3009 959 3084 τῇσι

156 3090 256 3163 ὁδοῖσι,
269 3093 339 3171 τῷδε
352 3092 387 3152 ἅν
398 3118 440 3156 τις
453 3093 579 3173 διαγνοίη
592 3095 616 3150 εἰ
628 3090 722 3167 ὁμοῖοι
734 3092 790 3151 εἶσὶ
800 3094 827 3151 οῖ
839 3116 958 3173 συντυγ-

156 3177 297 3253 χάνοντες·
324 3178 388 3239 ιίντῖ
406 3178 464 3260 γόρ
486 3183 537 3238 τοῦ
560 3177 779 3258 προσαγορεύειν
801 3177 957 3255 ἀλλήλους,

157 3266 291 3339 φιλέουσι
303 3269 380 3325 τοῖσι
391 3265 527 3341 στόμασι·
548 3261 584 3338 ἢν
596 3263 627 3324 δὲ
639 3262 659 3341 ᾗ
671 3263 782 3340 οὕτερος
793 3262 957 3326 ύποδεέστε-
