2150 3500
33 117 40 125 '
95 123 239 187 ιον-ιιι]
446 122 564 175 mm.
871 127 904 175 οι

94 205 183 266 παῖδα
195 203 387 281 ἐστρατεύετο,
402 205 502 285 ἔχοντά
514 232 546 266 τε
558 210 608 266 τοῦ
621 205 727 284 πατρός
738 208 790 266 τοῦ
804 208 905 266 ἑωυτοῦ

93 292 219 370 τούνομα
225 292 398 368 Λαβυνήτου
407 294 453 353 καὶ
460 292 512 369 τὴν
520 293 680 371 Ἀσσυρίων
688 292 788 373 ἀρχήν.
806 291 905 374 (στρα·

93 380 204 441 τεύεται
224 379 253 439 δὲ
268 379 303 454 δὴ
320 380 459 457 βασιλεῦς
474 381 491 442 ό
506 383 596 464 μέγας
614 383 660 441 καὶ
676 381 794 442 σιτίοισι
810 379 839 440 εὗ
858 385 905 441 ε’σ·

96 467 298 545 κευασμένοισι
319 469 351 539 ἐξ
369 469 448 528 οἴκου
468 470 515 530 καὶ
534 468 718 548 προβάτοισι·
740 470 786 528 καὶ
805 467 839 545 δὴ
858 469 906 528 καὶ

94 556 169 634 ὕδωρ
190 554 247 615 οἷπό
265 558 318 616 τοῦ
338 555 482 617 Χοάσπεω
501 547 632 635 ποταμοῦ
652 557 711 635 ἅμα
734 557 833 639 ἄγεται
854 561 906 616 τοῦ

95 643 175 722 παραὶ
192 645 290 710 Σοῦσα
304 646 424 722 ῥέοντος,
435 649 487 706 τοῦ
501 645 607 724 μούνου
622 647 695 706 πίνει
707 645 847 722 βασιλεύς
859 645 906 706 καὶ

96 731 192 792 ἄλλου
217 730 328 796 ούδενδς
350 737 491 810 ποταμοῦ·
513 732 614 794 τούτου
637 734 668 793 δὲ
689 738 739 794 τοῦ
763 732 906 793 Χοάσπεω

95 823 149 880 τοῦ
161 819 261 883 ὕδατος
273 819 455 899 ἀπεψημένου
466 821 576 881 πολλαὶ
594 821 683 900 κάρτα
694 819 799 898 ἄμαξαι
810 819 906 898 τετρά-

97 912 199 968 κυκλοι
223 908 363 985 ἡμιόνειαι
389 906 556 986 κομίζουσαι
576 915 605 970 ἒν
626 909 767 992 ἅγγείοισι
793 907 906 992 οἷργυρέ-

97 1021 167 1067 οισι,
182 998 296 1057 ἕπονται
309 996 366 1074 ὅπη
379 995 414 1058 ἂν
423 997 560 1078 έλαύνησι
574 997 728 1077 ἑκάστοτε.)
761 996 844 1058 Ἐπεί
854 1022 886 1058 τε
896 1000 952 1059 189

97 1082 130 1142 δὲ
143 1083 159 1143 ό
173 1089 267 1162 Κῦρος
281 1085 469 1163 πορευόμενος
488 1087 535 1146 ε’πὶ
549 1086 603 1162 τήν
619 1088 781 1163 Βαβυλῶνα
799 1086 904 1168 ε’γίνετο

98 1172 147 1232 ἐπὶ
162 1172 253 1252 Γύνδη
269 1177 395 1252 ποταμῷ,
412 1178 463 1235 τοῦ
480 1177 511 1234 αί
526 1177 578 1252 μὲν
590 1175 679 1254 πηγαὶ
693 1179 722 1234 ἔν
734 1177 907 1250 Ματιηνοῖσι

98 1258 205 1338 οὔρεσι,
224 1261 281 1339 ῥέει
298 1261 329 1322 δὲ
346 1261 394 1322 διά
411 1262 585 1340 Δαρδανέων,
603 1261 707 1322 ἐκδιδοῖ
721 1261 752 1321 δὲ
768 1267 796 1324 ἐς
813 1261 906 1339 ἕτερον

97 1348 229 1426 ποταμόν
245 1349 351 1431 Τίγριν·
372 1349 389 1410 ό
402 1350 432 1410 δὲ
444 1349 522 1428 παραὶ
531 1349 621 1411 Ὦπιν
632 1349 718 1410 πόλιν
735 1350 804 1427 ῥέων
814 1353 842 1412 ές
855 1348 907 1424 τὴν

97 1434 239 1515 Ἐρυθρὴν
254 1436 408 1499 θάλασσαν
426 1438 536 1498 ἐκδιδοῖ·
559 1442 659 1500 τοῦτον
677 1436 711 1514 δὴ
729 1435 779 1498 τόν
799 1434 906 1512 Γύνδην

97 1524 228 1602 ποταμόν
238 1524 275 1589 οἷς
283 1525 438 1604 διαβαίνειν
448 1531 577 1605 ε’πειρᾶτο
586 1526 602 1587 ό
610 1531 711 1604 Κῦρος,
722 1524 804 1586 ε’όντα
812 1549 906 1601 νηυσι·

97 1613 230 1690 σέρητον,
244 1613 362 1674 ἐνθαῦτά
377 1617 405 1674 οἱ
419 1619 474 1676 τῶν
491 1639 535 1679 τις
551 1618 616 1692 ίριῖν
629 1615 787 1674 ίππωντῶν
796 1617 903 1673 λευκῶν

98 1698 155 1761 ύπδ
174 1699 276 1781 ὕβριος
292 1701 384 1781 ε’σβοὶς
399 1708 428 1768 ἐς
441 1701 492 1764 τόν
506 1702 643 1782 ποταμόν,
660 1702 815 1781 διαβαίνειν
831 1705 903 1763 ε’τει-

97 1793 181 1866 ρᾶτο·
196 1788 212 1850 ό
226 1790 258 1850 δέ
266 1816 315 1867 μιν
324 1790 481 1868 συμψήσας
492 1790 669 1872 ύποβρύχιον
679 1790 792 1871 οἰχώκεε
802 1790 905 1868 φέρων.

99 1875 191 1954 κάρτα
205 1902 237 1938 τε
256 1877 292 1955 δὴ
308 1880 477 1959 ἐχαλέπαινε
492 1883 531 1958 τηῖ
547 1884 665 1959 ποταμῷ
681 1878 697 1940 ό
714 1884 808 1957 Κῦρος
823 1881 906 1938 τοῦτο
984 1909 989 1919 -

97 1962 260 2043 ύβρίσαντι,
280 1967 327 2027 καὶ
345 1970 372 2027 οἱ
390 1968 566 2044 ἐπηπείλησε
581 1966 652 2028 οὕτω
668 1966 703 2044 δή
718 1992 768 2045 μιν
784 1965 906 2028 όσθενέα

97 2053 239 2129 ποιήσειν,
252 2053 326 2115 ὥστε
335 2058 386 2115 τοῦ
395 2059 499 2115 λοιποῦ
509 2054 557 2114 καὶ
568 2054 699 2136 γυναῖκάς
711 2079 760 2131 μιν
773 2053 907 2116 εύπετέως

97 2140 133 2201 τό
150 2141 221 2223 γόνυ
242 2141 275 2202 ού
296 2142 460 2221 βρεχούσας
480 2141 682 2219 διαβήσεσθαι·
708 2140 780 2218 μετὰ
801 2140 831 2199 δὲ
851 2140 904 2217 τὴν

98 2227 227 2305 ἀπειλὴν,
238 2231 330 2307 μετεὶς
338 2229 390 2306 τὴν
399 2231 446 2290 ε’πὶ
455 2231 616 2306 Βαβυλῶνα
626 2227 795 2307 στράτευσιν
804 2227 906 2305 διαίρεε

98 2316 153 2393 τὴν
165 2317 301 2396 στρατιὴν
314 2318 388 2398 δίχα,
403 2316 501 2379 διθιῦν
514 2316 554 2387 δὲ,
564 2318 701 2378 κατέτεινε
713 2315 906 2397 σχοινοτενέας

98 2404 237 2477 ύποδέξας
255 2405 392 2485 διύρυχος
410 2405 572 2489 όγδύκοντα
592 2406 638 2465 καὶ
658 2404 756 2466 ἑκατόν
776 2403 841 2482 παρ’
864 2408 905 2464 ἔκ·

99 2490 200 2572 άτερον
217 2494 252 2555 τό
271 2499 368 2574 χεῖλος
390 2496 582 2574 τετραμμένας
604 2498 655 2554 τοῦ
681 2493 788 2555 Γύνδεω
814 2493 906 2554 πάντα

98 2581 214 2659 τρόπον·
235 2583 367 2654 διατάξας
382 2583 412 2643 δὲ
425 2583 477 2645 τόν
496 2582 621 2661 στρατόν
638 2581 772 2661 ὀρύσσειν
784 2584 904 2641 ε’κέλευε·

100 2669 146 2728 οῦα
168 2668 201 2729 δὲ
226 2668 330 2748 ὁμίλου
352 2675 465 2732 πολλοῦ
491 2671 677 2753 ἐργαζομένου
697 2669 779 2747 ἤνετο
799 2672 852 2748 μὲν
871 2668 905 2729 τό

99 2757 189 2837 ἔργον,
203 2756 278 2835 ὅρκος
289 2759 386 2836 μέντοι
402 2758 455 2835 τήν
471 2760 581 2838 θερείην
598 2764 695 2820 πᾶσαν
715 2757 801 2819 αύτοῦ
817 2756 905 2836 ταύτῃ

99 2843 244 2924 διέτριψαν
257 2845 443 2927 ἐργαζόμενοι.

139 2931 189 2997 Ὡς
212 2933 243 2993 δὲ
261 2934 313 2994 τόν
332 2933 440 3011 Γύνδην
459 2932 588 3010 ποταμόν
608 2932 721 2993 ε’τίσοτο
742 2934 836 3008 Κῦρος
857 2932 952 2994 ε’ς190

97 3022 263 3099 τριηκοσίας
275 3023 322 3082 καὶ
335 3020 469 3098 ἑξήκοντά
479 3046 529 3099 μιν
542 3018 677 3098 διιόρυχας
691 3017 844 3095 διαλαβεῖν,
859 3019 905 3077 καὶ

97 3107 132 3169 τῦ
144 3108 275 3189 δεύτερον
287 3111 336 3188 ἔαρ
352 3109 511 3187 ύπέλαμτε,
525 3108 596 3169 οὕτω
614 3107 648 3183 δή
668 3106 773 3182 ἤλαυνε
791 3106 837 3165 ε’πὶ
854 3105 906 3182 τήν

98 3197 270 3275 Βαβυλῶνα·
307 3201 335 3257 οἱ
367 3197 398 3258 δὲ
425 3195 607 3274 Βαβυλώνιοι
637 3192 906 3273 ἐκστρατευσάμενοι

98 3286 197 3357 ἔμενον
215 3284 311 3347 αῦτόν·
338 3286 400 3346 ἐπεὶ
419 3284 450 3345 δὲ
469 3285 579 3365 ἐγένετο
601 3282 722 3343 ἐλαύνων
741 3281 833 3363 όγχοῦ
855 3285 906 3358 τῆς
