2150 3500
101 125 211 191 ιι-ω]
430 126 594 176 mnu.
856 127 902 177 129

157 209 234 263 Οσοι
247 202 346 279 μένδὴ
361 202 430 267 Διός
444 203 588 280 Θηβαιέος
607 203 728 282 ἵδρυνται
744 203 813 282 ἱρόν,
826 202 845 282 ἦ
858 230 901 266 νο·
911 207 949 268 42

99 294 156 370 μοῦ
175 293 227 350 τοῦ
246 292 376 367 Θηβαίου
396 292 461 362 εἰσὶ,
479 288 558 352 οῦτοι
576 291 630 368 μέν
649 317 698 352 νυν
717 291 819 355 πάντες
838 291 903 354 όΐων
926 349 928 354 .

100 377 270 458 ἀπεχόμενοι
290 378 372 460 αἶγας
392 378 500 440 θύουσι.
542 379 635 459 (θεούς
654 378 709 461 γοίρ
730 378 764 455 δη
786 379 818 438 οῦ
838 379 903 446 τοῦς

100 465 201 531 αύτούς
223 465 343 531 ἅπαντες
363 466 465 544 ὁμοίως
485 466 635 548 Αἰγύπτιοι
658 467 803 543 σέβονται,
825 468 902 544 πλὴν

97 553 187 619 Ἱσιός
198 580 230 614 τε
240 555 287 614 καὶ
296 553 431 633 Ὀσίριος,
437 555 488 616 τόν
498 554 532 630 δη
545 554 685 615 Διόνυσον
694 555 764 614 εἰναι
773 557 902 636 λέγουσι·

98 642 216 706 τούτους
228 643 259 702 δὲ
274 642 375 720 ὁμοίως
390 641 510 707 ἅπαντες
528 644 688 724 σέβονται.)
723 641 788 703 ὅσοι
806 645 836 703 δέ
853 647 904 704 τοῦ

100 731 247 807 Μένδητος
257 731 383 807 ἔκτηνται
393 730 462 809 ἱρόν,
472 729 491 808 ἢ
502 735 590 808 νομοῦ
598 734 649 791 τοῦ
664 731 825 808 Μενδησίου
836 733 901 804 εἰσὶ,

99 815 179 879 οῦτοι
191 818 223 878 δέ
235 822 321 900 αἰγῶν
333 817 503 897 ἀπεχόμενοι
516 818 558 883 ὅῖς
572 819 681 881 θύουσι.
712 821 837 896 Θηβαῖοι
849 820 902 898 μέν

99 933 158 978 νυν,
172 907 219 966 καὶ
236 905 302 968 ὅσοι
318 906 364 967 διό
381 905 496 972 τούτους
513 906 579 969 όΐων
596 907 757 988 ἀπέχονται,
775 907 821 968 διό
835 908 872 969 τό
889 935 903 969 ε

99 997 221 1076 λέγουσι
240 994 290 1056 τόν
307 993 394 1072 νόμον
412 994 493 1056 τόνδε
512 1002 570 1074 σφι
589 997 713 1073 τεθῆναι·
733 996 904 1074 “Ἠρακλέα

100 1084 225 1159 θελῆσαι
237 1081 346 1146 πάντως
359 1083 468 1143 ἰδέσθαι
479 1084 529 1144 τόν
540 1083 604 1154 Δία,
615 1085 661 1143 καὶ
671 1083 721 1144 τόν
732 1082 783 1144 οῦκ
796 1085 904 1146 ἐθέλειν

100 1169 228 1247 ὀφθῆναι
241 1170 288 1231 ὕπ’
301 1170 396 1232 αύτοῦ·
416 1172 499 1236 τέλος
516 1172 555 1242 δέ,
572 1171 635 1232 ἐπεί
650 1197 681 1231 τε
696 1173 839 1249 λιπαρέειν
853 1172 904 1233 τόν

99 1257 255 1337 Ἡρακλέα,
269 1258 319 1320 τόν
332 1259 389 1319 Δία
403 1259 626 1339 μηχανήσασθαι
643 1259 721 1337 κριόν
734 1260 902 1337 ἐκδείραντα,

99 1347 279 1426 προέχεσθαί
292 1371 325 1408 τε
340 1346 393 1422 την
410 1346 541 1424 κεφαλήν
558 1345 742 1424 ἀποταμόντα
758 1351 808 1407 τοῦ
826 1351 904 1424 κριοῦ

101 1436 150 1494 καὶ
163 1435 277 1496 ἐνδόντα
288 1435 322 1497 τό
335 1435 417 1499 νάκος
428 1434 499 1496 οῦτω
512 1435 542 1495 οἶ
553 1434 653 1496 ἐωυτῦν
663 1434 812 1506 ἐπιδέξαι.”
846 1435 903 1496 α’πό

99 1521 203 1584 τούτου
229 1522 443 1602 κριοπρόσωπον
464 1527 515 1583 τοῦ
540 1523 608 1588 Διός
631 1522 769 1606 τῶγαλμα
792 1527 905 1584 ποιεῦσι

100 1610 262 1692 Αἰγύπτιοι·
281 1610 339 1671 όπό
356 1611 387 1671 δὲ
403 1611 562 1692 Αἰγυπτίων
576 1610 738 1689 Ἀμμώνιοι,
752 1611 842 1675 ἐόντες
855 1616 902 1672 Αἰ·
944 1672 948 1680 ,

99 1700 225 1780 γυπτίων
237 1725 269 1762 τε
282 1699 329 1760 καὶ
341 1698 483 1761 Αἰθιόπων
495 1699 616 1772 ἄποικοι,
631 1701 677 1761 καὶ
691 1700 788 1778 φωνην
799 1699 904 1778 μεταξὺ

101 1787 272 1868 ἀμφοτέροιν
283 1789 448 1865 νομίζοντες·
465 1788 569 1850 δοκέειν
577 1788 600 1849 δ’
611 1790 682 1867 ἐμοὶ,
693 1791 739 1849 καὶ
750 1790 784 1850 τό
799 1789 904 1868 οὕνομα

102 1875 256 1955 Ἀμμιόνιοι
272 1875 329 1936 ἀπό
344 1877 427 1937 τοῦδέ
444 1883 501 1953 σφι
515 1876 568 1953 τήν
582 1878 737 1955 ἐπωνυμίην
755 1875 904 1955 ἐποιήσαν-

102 1990 146 2027 το·
166 1964 272 2043 Ἀμοῦν
287 1963 342 2046 γοίρ
356 1963 505 2046 Αἰγύπτιοι
525 1964 660 2024 καλέουσι
674 1964 724 2024 τόν
741 1964 806 2024 Δία.
839 1964 905 2029 τοῦς

102 2054 135 2114 δέ
155 2053 247 2131 κριούς
269 2052 302 2113 ού
326 2051 426 2113 θύουσι
449 2053 582 2129 Θηβαῖοι,
605 2051 670 2111 ἀλλ’
691 2053 750 2111 εἶσί
768 2058 825 2127 σφι
849 2052 903 2130 ἱροὶ

102 2140 151 2202 διό
168 2145 262 2201 τοῦτο·
281 2143 334 2219 μιῇ
349 2140 380 2199 δέ
396 2138 488 2218 ἡμέρη
503 2142 555 2200 τοῦ
572 2141 705 2208 ἐνιαυτοῦ,
719 2142 749 2198 ἐν
767 2138 836 2217 ὁρτῇ
853 2143 905 2199 τοῦ

103 2228 182 2299 Διός,
210 2228 288 2307 κριόν
318 2228 367 2288 ἐνα
396 2226 602 2305 κατακόψαντες
633 2226 680 2285 καὶ
711 2224 906 2304 ἀποδείραντες

104 2316 177 2377 κατὰ
193 2316 281 2377 τώυτό
293 2315 421 2376 ἐνδύουσι
430 2312 570 2395 τῶγαλμα
584 2318 635 2374 τοῦ
652 2312 730 2384 Διός,
746 2314 792 2373 καὶ
811 2315 906 2376 ἔπειτα

102 2405 180 2465 ἄλλο
202 2403 319 2486 ἄγαλμα
341 2404 497 2480 Ἡρακλέος
522 2401 704 2485 προσάγουσι
729 2403 800 2481 πρός
825 2401 903 2464 αῦτό·

103 2498 193 2554 ταῦτα
218 2493 249 2553 δέ
273 2489 449 2567 ποιήσαντες,
471 2490 623 2552 τύπτονται
645 2494 673 2552 οἱ
696 2491 760 2570 περὶ
785 2491 819 2553 τό
844 2492 905 2570 ἱρόν

103 2581 225 2647 ἅπαντες
236 2579 287 2643 τόν
299 2579 384 2658 κριόν,
399 2579 446 2639 καὶ
461 2580 557 2640 ἔπειτα
572 2583 602 2641 ἐν
618 2581 664 2659 ἱρῇ
678 2580 750 2660 θήκη
764 2580 905 2641 θάπτουσι

103 2671 199 2733 αῦτόν.

143 2760 301 2838 Ἡρακλέος
317 2758 349 2819 δέ
367 2758 432 2837 πέρι
450 2756 531 2819 τόνδε
549 2756 600 2819 τόν
619 2754 707 2839 λόγον
726 2755 843 2833 ἤκουσα,
860 2754 903 2816 ὅτι
913 2754 952 2815 43

104 2849 148 2925 εἴη
159 2851 216 2907 τῶν
228 2846 348 2907 δυόδεκα
362 2847 441 2907 θεῶν·
455 2849 507 2906 τοῦ
520 2846 615 2923 ἐτέρου
628 2844 658 2903 δέ
671 2845 735 2921 πέρι
744 2843 904 2920 Ἡρακλέος

102 2936 155 2997 τόν
172 2935 312 3011 Ἕλληνες
333 2935 434 3004 οἴδασι,
456 2932 565 3013 οὐδαμῇ
587 2930 905 3013 Αἰγύπτουέδυνόσθην

103 3023 235 3084 ἀκοῦσαι·
255 3024 302 3082 καὶ
320 3022 378 3101 μὴν
393 3021 437 3085 ότι
456 3047 490 3103 γε
506 3021 539 3082 ού
555 3019 620 3098 παρ’
636 3018 780 3093 Ἑλλήνων
797 3018 904 3093 ἔλαβον

103 3113 138 3174 τό
150 3111 258 3189 οῦνομα
272 3115 323 3172 τοῦ
334 3110 492 3187 Ἡρακλέος
504 3107 660 3190 Αἰγύπτιοι,
674 3104 750 3164 α’λλᾶ
765 3102 905 3179 Ἕλληνες

104 3204 219 3281 μᾶλλον
231 3198 296 3277 παρ’
304 3199 471 3279 Αἰγυπτίων,
481 3197 527 3256 καὶ
536 3193 683 3271 Ἑλλήνων
693 3190 770 3252 οῦτοι
783 3193 811 3251 οἱ
824 3190 904 3267 θέμε-

103 3317 147 3354 νοι
159 3291 200 3366 τῷ
211 3285 422 3364 Ἀμφιτρύωνος
430 3284 504 3366 γόνῳ
512 3282 636 3359 τοῦνομα
644 3278 796 3363 Ἡρακλέα,
807 3276 905 3337 πολλό

167 3372 196 3416 ll
