2150 3500
120 125 259 189 180-183J
403 127 630 176 ωακαουαυα.
869 135 916 180 353

118 209 145 265 οἱ
161 206 258 284 ἄνδρες
272 205 367 284 τρίτου
384 204 480 282 μηνός,
495 207 542 264 καὶ
558 210 596 286 τῷ
614 203 649 266 ἂν
668 207 730 286 οἴκῃ
746 211 800 268 τῶν
813 208 919 287 ἀνδρῶν

117 294 150 355 τό
163 295 283 364 παιδίον,
297 293 396 354 τούτου
409 298 475 356 παῖς
488 295 639 369 νομίζεται.

158 381 247 443 Οὗτοι
271 386 323 460 μὲν
350 385 376 442 οἳ
408 383 643 464 παραθαλάσσιοι
668 388 724 444 τῶν
757 385 963 461 Νομάδων181

117 471 234 547 Λιβύων
254 472 383 548 εἰρέαται·
405 471 476 548 ύπὲρ
497 473 527 531 δὲ
548 472 653 532 τούτων
673 477 701 536 ές
721 473 879 554 μεσόγαιαν
899 474 918 551 ή

118 559 253 636 θηριιύδης
267 561 328 618 ἐστὶ
341 559 448 636 Λιβύη·
468 559 537 637 ὑπὲρ
552 561 581 619 δὲ
596 565 647 636 τῆς
660 561 806 638 θηριώδεος
825 560 918 638 ὀφρύη

118 646 235 724 ψάμμης
261 646 381 722 κατήκει,
405 649 613 723 παρατείνουσα
637 648 693 722 ᾀπό
720 649 838 726 Θηβέων
863 653 919 710 τῶν

117 735 291 815 Αἰγυπτιέων
320 736 367 794 ἐπὶ
400 734 574 811 Ἡρακληίας
603 736 721 811 στήλας·
764 741 793 795 έν
822 737 852 796 δὲ
881 740 919 815 τῇ

117 821 222 901 ὀφρύη·
241 822 328 902 ταύτῃ
362 821 490 899 μάλιστα
520 822 565 882 διά
595 823 660 882 δέκα
689 823 813 900 ήμερέων
843 824 918 894 ὁδοῦ,

117 909 187 974 άλός
205 917 267 971 ἔστι
282 911 391 988 τρύφεα
406 910 476 970 κατὰ
488 910 622 990 χόνδρους
634 912 776 992 μεγάλους
789 916 818 970 ε’ν
832 915 918 970 κολοι-

116 1003 201 1059 νοῖσι·
223 1002 269 1058 καὶ
289 1004 319 1059 ἕν
339 1003 482 1078 κορυφῇσι
503 998 622 1058 ἑκάστου
641 1002 693 1058 τοῦ
713 1002 839 1058 κολωνοῦ
855 998 919 1059 α’να-

117 1089 234 1158 κοντίζει
250 1093 280 1146 ε’κ
298 1090 389 1163 μέσου
405 1091 456 1146 τοῦ
469 1086 539 1150 οἶλός
552 1086 623 1164 ὕδωρ
637 1087 746 1166 ψυχρόν
759 1088 805 1146 καὶ
818 1087 917 1167 γλυκύ·

116 1176 182 1253 περὶ
201 1175 231 1234 δὲ
251 1175 318 1235 αύτό
339 1173 480 1251 ἅνθρωποι
501 1175 623 1234 οἰκέουσι
644 1175 760 1254 ἔσχατοι
780 1174 850 1251 πρός
869 1178 920 1250 τῆς

117 1263 230 1340 ἐρήμου,
245 1264 291 1321 καὶ
311 1263 381 1339 ύπέρ
402 1267 452 1337 τῆς
473 1261 628 1338 θηριῶδεος.
662 1262 768 1339 προίτοι
787 1264 847 1338 μὲν,
861 1262 918 1322 ἀπό

117 1351 236 1426 Θηβέων
257 1351 303 1409 διὰ
320 1350 387 1408 δέκα
405 1349 529 1427 ἡμερέων
545 1349 620 1419 ὁδοῦ,
633 1349 795 1427 Ἀμμώνιοι,
809 1350 919 1428 έχύντες

116 1438 151 1498 τό
174 1437 234 1515 ἱρόν
257 1437 314 1497 ἀπό
338 1442 388 1498 τοῦ
412 1439 554 1514 Θηβαιέος
578 1437 655 1500 Διός·
685 1437 730 1496 καὶ
753 1436 808 1518 γάρ
831 1437 865 1496 τό
890 1441 919 1498 έν

117 1526 243 1606 Θήβησι,
258 1525 293 1589 ὦς
307 1526 352 1585 καὶ
365 1525 502 1604 πρότερον
514 1526 624 1604 εἴρηταί
633 1552 691 1603 μοι,
706 1524 920 1603 κριοπρόσωπον

117 1617 169 1673 τοῦ
196 1613 264 1677 Διός
288 1613 426 1695 πιδγαλμά
452 1619 523 1675 ε’στι.
564 1613 695 1695 τυγχάνει
718 1613 748 1673 δὲ
774 1613 820 1673 καὶ
843 1611 918 1673 ἄλλο
945 1687 949 1692 ᾖ

119 1708 177 1778 σφι
192 1702 263 1781 ὕδωρ
284 1706 414 1781 κρηναῖον
429 1702 484 1765 ε’όν·
504 1702 538 1764 τό
558 1702 608 1763 τόν
623 1705 674 1781 μὲν
695 1701 797 1782 ὄρθρον
812 1702 919 1784 γίνεται

118 1790 246 1869 χλιαρόν,
257 1791 361 1872 ἀγορῆς
373 1792 403 1851 δέ
416 1791 599 1867 πληθυούσης
612 1790 794 1871 ψυχρότερον·
808 1816 918 1869 μεσαμ·

118 1880 188 1955 βρίη
211 1882 244 1939 τέ
265 1886 334 1950 ἐστι,
351 1881 396 1938 καὶ
417 1879 450 1939 τό
472 1878 561 1955 κάρτα
582 1880 688 1959 γίνεται
705 1879 822 1959 ψυχρόν·
843 1904 917 1956 τηνι-

120 1972 207 2028 καῦτα
227 1968 257 2026 δὲ
276 1967 393 2044 ἄρδουσι
412 1966 477 2029 τούς
498 1966 612 2041 κήπους·
644 1966 865 2043 ἀποκλινομένης
888 1966 919 2025 δὲ

118 2060 169 2131 τῆς
188 2055 293 2131 ἡμέρης
314 2054 422 2112 ύπίεται
445 2057 496 2111 τοῦ
520 2057 640 2131 ψυχροῦ,
665 2058 692 2115 ές
716 2051 748 2111 οὗ
773 2052 867 2111 δύεταί
887 2078 919 2113 τε

119 2144 136 2203 ὁ
149 2144 229 2218 ἥλιος
243 2142 289 2199 καὶ
301 2139 335 2200 τό
348 2140 418 2217 ὕδωρ
431 2140 539 2220 γίνεται
552 2138 681 2219 χλιαρόν·
703 2139 749 2198 ε’πὶ
763 2139 793 2199 δὲ
805 2144 920 2215 μᾶλλον

120 2230 162 2290 ὢν
187 2235 214 2292 ἐς
233 2228 267 2288 τό
291 2228 394 2305 θερμόν
412 2233 439 2290 ἐς
457 2228 549 2303 μέσας
571 2227 670 2290 νύκτας
692 2227 816 2297 πελάζει·
846 2254 919 2303 τηνι-

120 2322 209 2378 καῦτα
229 2317 259 2375 δέ
279 2317 333 2387 ζέει
352 2313 531 2392 ἀμβολάδην·
568 2314 758 2394 παρέρχονταί
779 2340 810 2373 τε
833 2316 920 2392 μέσαι

119 2406 215 2469 νύκτες
232 2405 279 2464 καὶ
294 2404 414 2484 ψίχεται
428 2404 513 2480 μέχρι
528 2407 557 2466 ἐς
571 2401 623 2479 ἠῶ·
644 2403 793 2477 ἐπίκλησιν
809 2401 839 2461 δὲ
852 2401 921 2479 αὕτη

119 2494 140 2570 ἦ
153 2494 240 2571 κρήνη
254 2493 384 2552 καλέεται
395 2491 507 2549 Ἡλίου.

161 2581 244 2641 Μετὰ
263 2581 293 2640 δὲ
305 2580 486 2657 Ἀμμωνίους,
501 2577 546 2637 διά
565 2582 616 2653 τῆς
636 2577 744 2656 ὀφρύης
758 2580 810 2654 τῆς
826 2576 901 2656 ψάμ-
912 2580 968 2637 182

108 2697 184 2748 μου,
208 2669 242 2730 δι’
266 2669 376 2729 ἀλλέων
402 2668 468 2726 δέκα
493 2666 617 2743 ήμερέων
644 2666 718 2736 ὁδοῦ,
742 2665 864 2729 κολωνός
889 2690 921 2726 τε

121 2757 191 2821 άλός
204 2763 266 2819 ε’στι
279 2758 376 2835 ὁμοῖος
387 2760 426 2834 τῷ
437 2753 586 2833 Ἀμμωνίῳ
599 2754 645 2811 καὶ
657 2752 738 2830 ὕδωρ·
758 2754 803 2812 καὶ
816 2751 920 2830 ἅνθρω-

120 2872 171 2904 ποι
187 2848 251 2923 περὶ
268 2843 354 2905 αύτόν
370 2843 501 2902 οἰκέουσι·
522 2846 561 2921 τῷ
579 2841 609 2899 δὲ
621 2840 702 2920 χάριρ
713 2840 802 2920 τούτῳ
815 2839 922 2917 οὕνομα

122 2931 233 3013 Αύγιλά
254 2938 326 2993 ἔστι.
359 2930 400 3010 (ές
417 2934 517 2991 τοῦτον
534 2928 584 2989 τόν
600 2932 691 3007 χῶρον
705 2930 732 2986 οἱ
745 2932 921 3005 Νασαμῶνες

122 3021 302 3097 ὄπωριεῦντες
327 3017 393 3080 τούς
419 3017 546 3092 φοίνικας
570 3015 738 3097 φοιτέουσι.)
771 3015 844 3076 Ἀπό
872 3018 970 3077 δὶ183
1042 3047 1045 3053 ·

123 3106 259 3187 Αύγίλων,
284 3106 329 3165 διά
356 3104 422 3163 δέκα
447 3103 572 3180 ἡμερέων
595 3103 704 3163 άλλέων
730 3102 803 3175 ὁδοῦ,
829 3106 922 3182 ἔτερος

123 3194 192 3255 ἁλός
214 3193 341 3261 κολωνδς,
361 3192 408 3249 καὶ
430 3188 511 3268 ὕδωρ,
534 3194 580 3250 καὶ
602 3193 724 3266 φοίνικες
746 3192 922 3269 καρποφόροι

123 3282 237 3351 πολλοὶ,
251 3279 374 3357 κατάπερ
387 3279 434 3339 καὶ
447 3283 477 3338 έν
489 3284 567 3340 τοῖσι
580 3280 708 3355 ἑτέροισι·
722 3280 768 3339 καὶ
781 3279 921 3359 ἅνθρωποι

200 3369 232 3413 28
380 3369 382 3372 ’
