2150 3500
130 101 182 152 τοι
439 97 623 149 Ἦυοιοαου
867 95 932 161 [tv

130 201 168 256 τη
154 173 304 255 Ευριότη
316 174 466 237 ποιεόντων
478 176 554 251 ἴσην·
547 180 598 236 ·ἑν
611 170 787 257 ὀλίγοισι
748 201 804 256 γαρ
819 178 886 286 ἔγω
863 174 934 251 δη-

130 262 217 324 λιίσω
234 262 359 343 μέγαθός
373 286 405 322 τε
420 261 541 338 ἑκάστης
561 260 672 333 αι’τέων,
685 263 733 322 καὶ
751 263 797 338 οἴη
816 263 860 325 τίς
872 267 935 322 ἑστι
1045 313 1046 324 .

132 355 160 414 ἑς
171 349 288 430 γραφήν
301 348 415 425 ἑκάστη.

84 438 122 500 37
171 437 285 515 Πέρσαι
304 438 428 497 οἰκέουσι
447 435 614 512 κατήκοντες
633 435 680 495 ἑπὶ
699 435 751 511 τήν
769 435 863 512 νοτίην
886 431 934 496 θό-

131 527 256 592 λασσαν,
271 522 324 598 τήν
340 522 479 601 Ἐρυθρήν
495 523 677 599 καλεομένην·
696 522 803 583 τούτων
817 522 840 581 δ’
852 522 934 599 ὕπερ-
1046 585 1048 610 ‹

133 610 256 670 οικέουσι
271 610 343 688 πρὸς
358 611 452 688 βορέω
465 608 569 687 ἅνέμου
582 609 686 686 Μῆδοι,
705 609 812 685 Μήδων
829 609 860 669 δὲ
881 608 934 674 Σᾶ·

132 723 253 774 σπειρες,
269 698 436 774 Σασπείρων
450 698 481 758 δὲ
496 697 621 776 Κόλχοι,
635 696 801 773 κατήκοντες
819 697 866 756 ἑπὶ
883 697 935 772 τήν
1048 745 1049 766 η

42 799 45 805 ’
131 784 255 862 βορηίην
273 785 427 846 θάλασσαν
440 789 475 848 ’ἑς
492 784 545 860 τήν
556 782 656 848 -Φιίσις
674 784 802 862 ποταμός
823 783 934 843 ἐκδιδοῖ·

131 877 219 932 ταῦτα
231 872 356 950 τέσσερα
373 873 454 933 έθυεα
466 873 551 932 οἰκέει
564 877 594 932 ἑκ
608 871 759 948 θαλάσσης
778 877 805 935 ε’ς
826 871 933 931 θάλασ-

84 960 124 1020 38
132 985 197 1020 σαν.
231 958 376 1021 Ἐνθεΰτεν
388 960 428 1031 δὲ,
437 959 472 1020 τό
484 960 557 1037 πρός
570 960 699 1038 ἑσπέρης,
707 957 790 1019 ἀκταὶ
802 959 936 1035 διφάσιαι

133 1046 181 1106 ἀπ’
199 1045 285 1123 αὐτῆς
304 1047 497 1108 κατατείνουσι
510 1053 540 1111 ἐς
557 1046 718 1116 θάλασσαν,
731 1045 783 1110 τὰς
796 1046 851 1128 έγιδ
864 1046 935 1122 ἀπη-

132 1134 269 1215 γήσομαι·
290 1135 367 1195 ἔνθεν
379 1134 462 1212 μὲνὴ
480 1133 584 1210 ἅκτήή
599 1134 677 1211 ἑτέρη
690 1134 727 1194 τοὶ
741 1133 812 1212 πρὸς
832 1135 934 1210 βορῆν,

133 1221 191 1281 ἀπό
217 1221 325 1286 Φάσιος
344 1221 493 1298 ἄρξαμένη,
512 1221 706 1332 παρατέταται
729 1226 758 1284 ἑς
781 1219 937 1281 θάλασσαν

133 1310 211 1388 παρά
229 1336 261 1370 τε
280 1309 330 1372 τόν
347 1308 460 1369 Πόντον
476 1310 523 1368 καὶ
542 1310 593 1369 τόν
612 1308 890 1419 Ἑλλήσποντον
850 1334 936 1387 μεχρι

134 1398 247 1478 Σιγείου
258 1424 310 1459 του
296 1400 456 1475 Τρωϊκοῦ·
475 1423 512 1457 τα
502 1396 555 1456 δὲ
568 1395 639 1474 πρός
650 1395 733 1456 νότου
732 1421 768 1471 ,η
781 1395 851 1472 αὐτή
864 1395 937 1472 αὕτη

134 1483 206 1561 ἅκτή
222 1485 279 1546 α’πο
295 1512 346 1545 του
332 1485 569 1562 Μυριανδρικοΰ
588 1484 705 1553 κόλπου,
717 1487 769 1544 τοῦ
786 1483 857 1561 πρδς
871 1491 937 1543 Φοι-

48 1599 52 1606 ·
134 1573 196 1651 νίκη
209 1573 343 1682 κειμένρυ,
356 1573 439 1633 τείνει
450 1599 486 1634 τα
499 1577 528 1635 ἐς
540 1571 743 1633 θάλασσαν’
704 1597 789 1651 μεχρι
801 1571 938 1648 Τριοπίου

134 1656 229 1735 ἄκρης·
250 1659 332 1718 οἰκέει
350 1659 401 1718 δ’
387 1684 417 1720 εν
433 1664 469 1740 τῇ
485 1658 556 1739 ἅκτῇ
576 1659 663 1739 ταύτῃ
684 1659 764 1720 ἔθνεα
784 1658 938 1737 ἀνθρώπων

133 1746 293 1824 τριήκοντα.

87 1836 126 1895 39
175 1834 253 1911 Αὕτη
272 1834 325 1911 μέν
336 1834 417 1913 νυνή
431 1836 510 1913 ἑτέρη
522 1838 578 1897 τῶν
590 1834 703 1897 αἷκτέων·
723 1835 786 1912 ήδὲ
799 1834 833 1911 δή
847 1835 937 1913 ἑτέρη,

135 1921 193 1983 α’πδ
213 1923 348 1999 Περσέων
367 1922 516 2001 ἄρξαμένη,
536 1924 726 2001 παρατέταται
742 1928 770 1987 ἔς
787 1924 840 1999 τήν
855 1921 937 1999 Ἐρυ-

137 2009 208 2088 θρήν
228 2010 389 2082 θάλασσαν,
409 2011 429 2087 ἥ
448 2036 481 2072 τε
501 2011 631 2088 Περσική
653 2012 698 2071 καὶ
717 2011 737 2088 η’
758 2008 814 2070 α’πδ
834 2010 938 2087 ταύτης

137 2099 301 2176 ἐκδεκομένη
315 2098 457 2176 Ἀσσυρίη
471 2100 518 2159 καὶ
531 2098 589 2159 dna
601 2098 757 2176 Ἀσσυρίης
769 2098 789 2175 ἦ
801 2097 938 2174 Ἀραβίη·

137 2184 221 2266 λήγει
240 2186 271 2244 δὲ
286 2185 355 2263 αὕτη
371 2185 416 2267 (οὗ
428 2185 560 2267 λήγουσα
574 2190 598 2245 εί
609 2187 650 2263 μή
665 2184 752 2265 νόμῳ)
767 2192 795 2248 ές
806 2184 857 2245 τόν
870 2186 938 2245 κόλ-

136 2296 191 2332 πον
213 2272 264 2333 τὸν
285 2272 430 2351 Ἀράβιον,
450 2279 479 2337 ε’ς
498 2274 549 2334 τὸν
570 2277 689 2352 Δαρεῖος
708 2278 740 2333 ἑκ
758 2276 809 2333 τοῦ
828 2274 939 2331 Νείλου

137 2359 258 2439 διώρυχα
282 2360 415 2443 ἐσήγαγε.
449 2361 547 2442 (μέχρι
572 2362 624 2439 μέν
650 2387 698 2423 νυν
724 2361 852 2435 Φοινίκης
878 2359 937 2419 α’πό

136 2447 383 2525 Περσέωιγχῶρος
400 2449 509 2512 πλατῦς
522 2451 569 2509 καὶ
581 2449 690 2512 πολλός
704 2453 775 2508 ἑστι·
795 2448 828 2508 τό
842 2446 865 2506 δ’
878 2446 938 2507 α’πὸ

139 2533 268 2609 Φοινίκης
286 2534 406 2611 παρήκει
423 2534 469 2593 δαί
488 2537 578 2611 τῆσδε
592 2541 644 2611 τῆς
658 2534 843 2613 θαλάσσηςή
862 2535 939 2612 ἀκτή

138 2618 209 2696 αὕτη
227 2621 305 2697 παρά
321 2647 354 2681 τε
373 2622 476 2699 Συρίην
492 2622 545 2699 τήν
558 2624 755 2699 Παλαιστίνην
768 2624 814 2683 καὶ
829 2623 940 2703 Αίγιατ-

135 2733 193 2777 τον,
209 2713 237 2773 ἐς
253 2709 306 2785 τήν
322 2710 461 2789 τελευτᾷ)
483 2715 513 2771 ἑν
526 2715 564 2789 τῇ
580 2710 659 2771 ἔθνεσί
679 2714 742 2771 ἑστι
759 2711 823 2788 τρία
834 2714 940 2786 μοῦνα·

135 2799 223 2854 ταῦτα
235 2796 351 2872 μὲνᾶπδ
365 2798 500 2873 Περσέων
507 2797 544 2858 τὰ
557 2797 629 2874 πρός
642 2798 763 2875 ἑσπέρης
774 2802 825 2873 τῆς
836 2796 941 2873 Ἀσίης

88 2880 128 2938 40
137 2880 262 2957 ἔχοντα’
249 2909 320 2944 εστι.
351 2884 394 2943 Ta
407 2885 437 2943 δὲ
446 2883 600 2962 κατύπερθε
610 2886 754 2961 Περσέων,
766 2910 811 2944 και
801 2884 939 2959 Μήδων,

136 2990 183 3023 και
172 2967 367 3048 Σασπείρων,
376 2995 423 3030 και
412 2972 560 3049 Κολχων
568 2971 605 3030 ταὶ
616 2997 688 3047 προς
694 2996 736 3046 ηω
745 2996 777 3033 τε
787 2996 832 3031 και
822 2971 942 3048 ηελιον

134 3048 334 3127 ἀνατέλλοντα,
343 3058 419 3116 ἔνθεν
430 3057 510 3133 μὲνή
522 3056 644 3133 Ἐρυθρὴ
657 3082 776 3135 παρηκει
789 3058 942 3118 θαλασσα·

134 3134 205 3207 πρός
215 3139 310 3213 βορέω
322 3142 383 3199 δε
364 3168 383 3215 η
397 3143 517 3219 Κασπίη
529 3166 562 3201 τε
575 3142 721 3215 θάλασσα,
732 3146 779 3204 καὶ
787 3171 804 3205 ο
795 3143 944 3251 ’Ἀράξης

134 3220 269 3293 πθταμδς,
281 3224 351 3299 ῥέων
362 3251 434 3302 προς
444 3226 572 3303 ἠέλιον
554 3227 727 3306 ανίσχοντα.
744 3231 830 3311 μέχρι
843 3230 926 3289 δὲ
887 3255 944 3308 της
