2150 3500
186 88 235 137 234
495 102 676 151 ‘HPvowr
928 94 992 161 [m

190 175 285 253 Κύρου
296 176 423 255 βασιλέα
439 177 605 238 άνεστεώτα·
640 178 733 239 δεινῶς
747 176 806 258 γάρ
819 177 871 236 καὶ
886 174 905 236 6
920 182 994 255 Πρη-

188 263 299 340 ξάσπης
319 265 430 341 ἔξαρνος
449 264 484 340 ἦν
503 264 545 341 μή
561 290 610 341 μιν
626 264 791 324 ἀποκτεῖναι
807 262 943 340 Σμέρδιν·
964 263 994 323 ού

188 350 243 432 γάρ
269 351 305 427 ἧν
331 356 359 413 οἱ
385 352 523 429 α’σφαλές,
553 351 720 428 Καμβύσεω
752 351 994 427 τετελευτηκότος,

192 439 280 516 φάναι
292 440 342 501 τόν
355 440 451 518 Κύρου
464 440 524 501 υἱόν
537 439 748 501 ἀπολωλεκέναι
762 438 939 518 αύτοχειρίη.

144 528 181 589 67
230 527 265 587 ‘O
278 530 330 605 μέν
340 526 375 603 δὴ
385 526 486 608 Μάγος
498 527 718 603 τελευτήσαντος
732 528 907 604 Καμβύσεω
916 526 997 591 άδειῗις

191 616 372 692 ἐβασίλευσε,
386 614 560 692 ἐπιβατεύων
571 620 622 675 τοῦ
634 613 784 693 ὁμωνύμου
797 615 941 692 Σμέρδιος
951 618 998 675 τοῦ

192 702 296 781 Κύρου,
309 708 400 779 μῆνας
413 702 483 763 ἐπτοὶ
495 702 561 768 τούς
574 704 738 767 ἐπιλοίπους
750 702 909 781 Καμβύσῃ
923 707 952 766 ἐς
964 702 998 762 τά

191 788 265 849 όκτώ
283 791 345 851 ἔτεα
357 790 420 873 [τῆς
437 790 623 873 πληρώσιος].
657 795 687 850 ἐν
701 793 780 851 τοῖσι
799 790 959 859 ἀπεδέξατο
974 796 1000 854 ἐς

191 876 257 942 τούς
278 877 418 955 ὑπηκόους
443 877 551 943 πάντας
577 878 737 959 εὐεργεσίας
761 878 905 959 μεγάλας,
930 877 1000 938 ὥστε

192 963 382 1030 άποθανόντος
402 966 487 1026 αι’ποΰ
507 966 598 1027 πόθον
613 968 688 1045 ἔχειν
703 965 811 1029 πάντας
827 967 898 1029 τούς
920 970 950 1025 ἐν
967 971 1001 1043 τῇ

192 1052 278 1133 Ἀσίῃ
290 1054 381 1132 πάρεξ
393 1054 483 1115 αὐτῶν
496 1055 641 1132 Περσέων·
662 1055 822 1132 διαπέμψας
834 1053 895 1136 γάρ
908 1053 927 1114 6
941 1054 1001 1113 Μά-

194 1168 244 1224 γος
261 1148 289 1207 ἐς
306 1147 364 1203 πᾶν
379 1143 457 1205 ἔθνος
473 1146 529 1204 τών
544 1142 623 1221 ἦρχε,
639 1146 756 1220 προεῖπε
776 1141 919 1218 άτεληίην
936 1142 1002 1202 εἶναι

176 1273 178 1279 -
195 1231 347 1308 στρατηίης
360 1230 407 1290 καὶ
420 1228 512 1307 φόρου
528 1229 571 1289 ἐπ’
584 1231 647 1289 ἐτεα
661 1229 734 1307 τρία.
766 1233 890 1306 προεῖπε
904 1229 1002 1305 μὲνδὴ

149 1319 187 1379 68
195 1323 284 1380 ταῦτα
298 1318 397 1379 αὐτίκα
409 1316 588 1395 ἐνιστάμενος
604 1321 632 1380 ἐς
644 1316 696 1392 την
708 1315 808 1396 ἀρχόν.
844 1314 961 1397 Ὀγδάη
975 1318 1003 1377 δὲ

196 1408 263 1483 μηνὶ
284 1406 392 1489 ἐγένετο
412 1404 570 1480 κατάδηλος
585 1403 681 1483 τρόπῳ
696 1404 802 1483 τοιῷδε·
822 1402 952 1481 Ὀτάνης
970 1404 1003 1481 ἦν

197 1493 370 1571 Φαρνάσπεω
389 1496 441 1569 μὲν
457 1495 531 1563 παῖς,
546 1492 622 1573 γένεϊ
641 1492 673 1551 δέ
692 1492 738 1551 καὶ
754 1490 889 1571 χρήμασι
907 1492 1002 1570 ὁμοῖος

195 1583 234 1659 τῷ
248 1580 347 1660 πρώτῳ
364 1582 506 1658 Περσέων·
528 1578 609 1643 οὗτος
619 1578 646 1658 Ιά
664 1578 785 1655 Ὀτάνης
800 1584 919 1656 πρῶτος
936 1580 1000 1641 ύπό

196 1692 301 1727 πτευσε
312 1669 363 1729 τόν
375 1667 486 1750 Μάγον,
496 1667 532 1733 ὥς
545 1666 596 1728 ούκ
609 1667 677 1743 εἶηό
691 1665 788 1743 Κύρου
802 1668 928 1744 Σμέρδις
940 1668 1003 1727 ἀλλ’
1046 1663 1047 1668 ’

196 1756 287 1832 ὅσπερ
299 1756 342 1832 ἦν,
356 1756 423 1835 τῇδε
436 1755 685 1834 συμβαλλόμενος,
699 1756 743 1816 ὅτι
754 1780 787 1816 τε
803 1755 857 1815 ούκ
871 1757 1003 1834 ἐξεφοίτα

198 1847 229 1904 ἐκ
241 1847 292 1919 τῆς
305 1841 482 1921 ἀκροπόλιος,
496 1844 543 1903 καὶ
559 1843 604 1905 ὅτι
616 1843 667 1904 οὐκ
680 1843 777 1904 ἐκάλεε
791 1848 818 1907 ἐς
832 1842 903 1922 ὄψιν
918 1849 1003 1925 ἐωιπῷ
1045 1882 1046 1891 1

198 1930 297 1992 οὐδένα
314 1935 371 1992 τῶν
387 1931 513 2014 λογίμων
528 1931 672 2009 Περσέων·
691 1930 874 1997 ύποπτεύσας
896 1933 931 1992 δέ
948 1959 1002 2010 μιν,
1044 1970 1045 1993 ι

198 2020 289 2081 ἐποίεε
303 2020 379 2081 τάδε·
400 2020 468 2098 ἔσχε
485 2017 572 2079 αὐτοῦ
588 2019 605 2081 6
622 2019 786 2096 Καμβύσης
803 2020 1004 2101 θυγατέρα,τῇ

199 2107 306 2186 οὕνομα
323 2134 359 2185 ην
371 2107 504 2184 Φαιδιμη
522 2133 576 2182 την
592 2106 680 2183 αὐτὴν
693 2105 728 2182 δη
743 2106 849 2183 ταύτην
864 2108 975 2187 εἶχε
941 2135 1003 2169 τοτε
1043 2138 1044 2181 ]

198 2195 215 2256 6
237 2196 346 2278 Μάγος,
363 2195 409 2256 καὶ
428 2195 516 2274 ταύτῃ
536 2220 568 2255 τε
589 2195 715 2256 συνοίκεε
735 2195 782 2254 καὶ
801 2199 874 2274 τῇσι
894 2196 1003 2276 άλλησι
1043 2202 1044 2249 ἶ

198 2282 312 2362 πάσῃσι
324 2287 392 2362 τῇσι
404 2308 454 2343 του
441 2282 635 2392 Καμβύσεω
645 2282 765 2364 γυναιξί·
784 2283 907 2359 πέμπων
920 2284 989 2360 δὴ
969 2311 1003 2344 ων

199 2370 216 2431 6
236 2370 355 2447 Ὀτάνης
375 2369 453 2454 παρά
474 2370 577 2447 ταύτην
596 2396 649 2446 την
670 2370 810 2451 θυγατέρα
833 2372 1003 2432 ἐπυνθάνετο

198 2457 265 2535 παρ’
281 2458 349 2537 ὅτεῳ
371 2457 523 2535 ἀνθρώπων
544 2463 672 2538 κοιμιξπο,
696 2459 750 2518 εἴτε
771 2457 844 2535 μετά
868 2459 1003 2538 Σμέρδιος

199 2548 250 2606 τοῦ
264 2545 368 2621 Κύρου,
383 2546 437 2604 εἴτε
453 2546 525 2622 μετά
538 2546 632 2607 άλλου
645 2572 703 2606 τευ·
722 2545 743 2622 ἦ
756 2545 787 2604 δέ
803 2549 831 2605 οἷ
843 2545 1003 2626 ἀντέπεμπε

199 2635 312 2711 φαμένη
328 2633 361 2692 06
378 2633 533 2714 γινώσκειν·
555 2633 619 2696 οὸτε
632 2634 689 2716 γάρ
701 2632 751 2696 τόν
767 2633 865 2712 Κύρου
882 2637 1002 2714 Σμέρδιν

203 2722 311 2783 ἰδέσθαι
333 2720 450 2797 οὐδαμά,
472 2719 536 2782 ούτε
557 2720 636 2786 ὅστις
657 2722 699 2798 εἴη
719 2721 736 2782 6
758 2723 914 2783 συνοικέων
934 2724 1002 2803 αὐτῇ

202 2811 309 2870 εἰδέναι·
334 2810 440 2887 ἔπεμπε
453 2807 574 2886 Ιδεύτερα
593 2809 611 2870 6
630 2809 750 2886 Ὀτάνης
767 2811 870 2891 λέγων·
891 2815 945 2871 “εέ
963 2811 1002 2889 μή

201 2895 271 2970 αὕτη
296 2897 416 2973 Σμέρδιν
438 2895 489 2957 τόν
513 2895 609 2973 Κύρου
631 2896 784 2977 γινώσκεις,
809 2896 847 2956 σύ
872 2897 905 2957 δέ
928 2900 1002 2975 παρά

199 2981 342 3058 Ἀτόσσης
354 2982 443 3090 ηύθευ
455 2982 523 3060 ὅτεῳ
535 2982 624 3061 τούτῳ
635 2985 773 3090 σηυοικέει
784 2983 856 3058 αύτή
869 3009 903 3044 τε
915 2988 1003 3060 ἐκείνη

202 3069 248 3127 καὶ
263 3068 311 3127 σύ
330 3068 440 3131 πάντως
451 3068 506 3176 γάρ
520 3067 555 3142 δή
568 3093 619 3128 κου
633 3068 731 3151 τόνγε
748 3074 850 3145 ἐωυτῆς
863 3070 1004 3149 ἀδελφεόν

199 3153 347 3256 γινώσκει)
348 3153 535 3229 ’ἀντιπέμπει
548 3179 620 3230 προς
632 3157 896 3238 ταυταηθυγοτηρ
917 3159 1003 3219 ’(ούτε

200 3237 328 3316 ’Λτόσοῃ
342 3239 485 3316 δύναμαι’
473 3265 500 3302 ες
512 3239 616 3317 λόγους
629 3243 779 3310 ἐλθεῖν,”
746 3269 810 3303 ουτε
824 3242 922 3318 άλλην
931 3245 1002 3305 063<-
