2150 3500
97 127 175 192 ι-ι]
422 129 585 179 mm.
821 194 823 199 ,
852 133 900 182 109

96 207 145 264 καὶ
166 206 285 287 ἐγένετο·
312 204 349 270 οἷς
367 205 423 286 γοῖρ
441 206 532 282 διέτης
552 205 653 286 χρόνος
672 205 798 288 ἐγεγόνεε
811 210 902 266 ταῦτα

94 297 135 371 τῷ
163 292 275 370 ποιμένι
300 292 469 370 πρήσσοντι,
489 292 639 375 ’ἀνοίγοντι
663 293 716 368 τήν
741 292 827 369 θύρην
854 294 900 353 καὶ

95 379 204 440 ἐσιόντι
225 379 262 440 τό
289 379 387 439 παιδία
408 378 558 458 α’μφότερα
577 381 793 458 προσπίπτοντα
815 379 901 456 βεκός

94 466 228 542 ἐφώνεον,
250 466 386 548 ὀρέγοντα
408 468 458 531 τοὶς
478 472 582 546 χεῖρας·
611 467 647 528 τά
672 470 724 544 μὲν
747 464 781 543 δή
804 472 901 546 πρώτα

93 553 220 617 οἰκούσας
231 554 340 634 ἥσυχος
355 554 391 631 ἦν
409 554 425 615 ὅ
441 556 555 631 ποιμήν,
571 555 606 618 ώς
624 555 654 614 δὲ
666 554 791 614 πολλάκι
807 556 900 631 φοιτέ-

94 667 157 702 οντι
179 644 226 701 καὶ
250 643 440 722 ἐπιμελομένῳ
463 643 575 704 πολλόν
597 643 632 719 ἦν
657 647 741 704 τοῦτο
767 642 801 702 τό
826 644 899 716 ἔπος,

93 729 168 789 οὕτω
188 729 222 806 δή
243 729 372 809 σημήνας
389 736 428 810 τῷ
446 729 570 809 δεσπότῃ
586 729 676 812 ἤγαγε
693 731 729 791 τό
742 723 840 818 παιδία
857 757 898 791 κε·

92 816 250 881 λεύσαντος
263 823 291 882 ἐς
303 817 369 896 ὄψιν
381 817 434 893 τήν
446 821 560 878 ἐκείνου·
582 818 705 881 α’κούσος
718 819 747 878 δὲ
761 820 807 878 καὶ
817 819 900 884 αύτδς

92 903 314 985 όΨαμμίτιχος,
338 905 505 967 ἐπυνθάνετο
524 906 622 970 οἵτινες
641 905 792 984 ἀνθρώπων
810 906 897 983 βεκός

91 993 126 1052 τί
136 994 281 1054 καλέουσι·
306 993 512 1071 πυνθανόμενος
525 994 555 1054 δέ
569 994 679 1072 εὕρισκε
693 994 803 1076 Φρύγας
817 995 897 1055 καλέ-

93 1104 179 1144 οντας
201 1080 251 1141 τόν
278 1079 372 1158 ἄρτον·
417 1081 488 1150 οὕτω
514 1082 715 1162 συνεχώρησαν
742 1083 897 1164 Αἰγύπτιοι,

92 1168 142 1227 καὶ
154 1169 270 1249 τοιούτῳ
283 1169 517 1247 σταθμησάμενοι
532 1171 686 1251 πρήγματι,
706 1171 771 1233 τούς
786 1169 897 1252 Φρύγας

91 1257 306 1335 πρεσβυτέρους
319 1257 388 1318 εἶναι
400 1261 516 1318 ἑωυτῶν.
551 1254 622 1316 Ὧδε
634 1260 686 1335 μὲν
698 1258 830 1339 γενέσθαι
842 1262 924 1320 aava

92 1344 174 1420 ἱρέων
190 1346 243 1406 τοῦ
255 1345 418 1421 Ἡφαίστου
439 1350 469 1406 ἐν
488 1345 594 1423 Μέμφι
610 1344 721 1421 ἤκουον.
752 1344 896 1423 ,Ἕλληνες

92 1432 124 1490 δὲ
137 1433 256 1514 λέγουσι
269 1432 347 1494 ἅλλα
358 1459 390 1494 τε
405 1432 510 1509 μάταια
525 1433 633 1504 πολλά,
655 1435 701 1493 καὶ
714 1432 750 1496 ὥς
762 1436 894 1513 γυναικῶν

89 1520 144 1584 τὰς
165 1520 302 1602 γλώσσας
326 1521 343 1582 ό
364 1522 543 1600 Ψαμμίτιχος
568 1522 693 1600 ἐκταμιδν
711 1521 764 1597 τήν
790 1521 896 1582 δίαιταν

92 1607 180 1672 οὕτως
200 1609 354 1685 ἐποιήσατο
376 1613 431 1669 τῶν
457 1610 563 1670 παιδων
589 1610 666 1688 παρά
688 1609 808 1689 ταύτῃσι
827 1613 895 1690 τῇσι

89 1697 211 1778 γυναιξί.
252 1697 322 1760 κατοὶ
341 1699 394 1777 μέν
413 1697 448 1775 δή
466 1696 519 1775 τήν
537 1698 648 1777 τροφήν
664 1703 720 1761 τῶν
732 1698 838 1759 παίδων
849 1723 895 1761 το·

91 1788 186 1845 σαΰτα
198 1788 305 1867 ἔλεγον·
331 1785 440 1861 ἥκουσα
453 1786 483 1846 δέ
496 1787 543 1845 καὶ
555 1786 632 1846 ἅλλα
646 1792 675 1848 ἐν
688 1789 791 1865 Μέμφι
805 1787 895 1848 ἐλθών

91 1876 121 1936 ἐς
137 1871 241 1954 λόγους
254 1877 332 1934 τοῖσι
352 1877 443 1951 ἱρεῦσι
459 1878 510 1933 τοῦ
522 1873 695 1949 Ἡφαίστου.
737 1877 784 1935 καὶ
799 1874 833 1951 δή
848 1876 895 1935 καὶ

91 1964 122 2022 ἐς
148 1960 248 2039 Θήβας
273 1988 305 2023 τε
331 1963 377 2021 καὶ
405 1966 432 2024 ἐς
457 1961 644 2024 Ἡλιούπολιν
675 1962 765 2023 αύτῶν
791 1962 895 2023 τούτων

91 2046 195 2109 εἵνεκεν
212 2049 379 2128 ἐτραπόμην,
403 2050 506 2109 ἐθέλων
528 2050 628 2109 εἰδέναι
648 2054 672 2109 εἰ
693 2049 893 2126 συμβήσονται

90 2136 169 2197 τοῖσι
184 2136 299 2218 λόγοισι
316 2141 393 2197 τοῖσι
412 2142 441 2198 ἐν
458 2136 572 2213 Μέμφι·
600 2138 627 2195 οἶ
644 2136 700 2217 γάρ
712 2136 894 2205 Ἡλιουπολῖ·

90 2249 139 2283 ται
148 2224 279 2305 λέγονται
287 2226 445 2307 Αἰγυπτίων
459 2223 528 2283 εἶναι
541 2222 715 2304 λογιώτατοι·
737 2222 772 2283 τοὶ
782 2224 834 2299 μέν
847 2249 895 2284 νυν

92 2312 156 2371 θεῖα
175 2316 231 2372 τῶν
250 2309 440 2395 ἀπηγημάτων
463 2310 509 2371 οἶα
528 2310 630 2387 ἤκουον
652 2310 703 2371 ούκ
724 2311 780 2389 εἰμὶ
801 2310 902 2389 πρόθυ·

90 2426 145 2476 μος
163 2401 335 2483 ἐξηγέεσθαι,
358 2402 409 2471 ἔξω
425 2398 443 2477 ἣ
459 2399 495 2460 τά
514 2399 655 2477 οἰνόματα
674 2400 763 2461 αύτῶν
782 2404 893 2477 μοῦνον,

90 2490 209 2565 νομίζων
221 2489 327 2552 πάντας
342 2488 503 2566 ἀνθρώπους
520 2488 585 2548 ἴσον
599 2489 663 2567 περὶ
677 2488 765 2551 αὐτῶν
779 2490 893 2549 ἐπίστα-

91 2577 171 2637 σθαι·
193 2577 230 2637 τοὶ
250 2577 274 2636 δ’
294 2576 328 2638 ἂν
349 2578 511 2654 ἐπιμνησθῶ
531 2576 629 2649 αὐτῶν,
655 2576 709 2638 ύπό
735 2582 786 2638 τοῦ
805 2576 895 2658 λόγου

92 2664 346 2746 ἐξαναγκαζόμενος
360 2664 617 2741 ἐπιμνησθήσομαι.
653 2663 734 2727 Ὅσα
750 2666 779 2725 δὲ
792 2664 922 2743 ἀνθρώ-4

90 2753 163 2829 τιήῖα
188 2753 342 2834 πρήγματα
367 2750 420 2812 ὦδε
446 2754 544 2834 ἔλεγον
570 2753 771 2835 ὁμολογέοντες
797 2755 892 2828 σφίσι·

91 2840 218 2918 πρώτους
240 2842 408 2922 Αἰγυπτίους
434 2839 585 2919 ἀνθρώπων
610 2840 738 2901 ἁπάντων
764 2840 896 2917 ἐξευρέειν

90 2928 143 2991 τδν
155 2928 287 3003 ἐνιαυτόν,
302 2928 423 2990 δυώδεκα
438 2929 524 3006 μέρεα
542 2928 716 3005 δασαμένους
732 2930 787 2987 τῶν
803 2926 893 3004 ώρέιυν

92 3023 121 3081 ἐς
134 3015 229 3078 αύτόν·
256 3021 343 3077 ταῦτα
357 3017 387 3076 δέ
404 3017 536 3094 ἐξευρέὲιν
550 3022 580 3077 ἐκ
592 3021 647 3075 τῶν
661 3014 771 3092 ἄστρων
785 3014 891 3096 ἔλεγον·

92 3104 197 3188 όγουσι
210 3106 240 3165 δέ
252 3106 358 3185 τοσῷδε
371 3104 535 3182 σοφώτερον
547 3103 700 3180 Ἑλλήνων,
711 3103 773 3180 ἐμοὶ
783 3102 893 3173 δοκέειν,

92 3193 153 3273 ὅσιρ
160 3193 302 3271 Ἕλληνες
313 3196 366 3270 μὲν
379 3193 424 3253 διαὶ
439 3194 533 3271 τρίτου
548 3194 621 3255 ἔτεος
635 3190 794 3268 ἐμβόλιμον
810 3195 894 3268 ἐπεμ-

93 3282 244 3360 βάλλουσι
262 3285 319 3342 τῶν
331 3280 422 3362 ώρέων
434 3282 543 3351 εἵνεκεν,
557 3278 706 3361 Αἰγύπτιοι
722 3278 752 3337 δὲ
770 3303 895 3356 τριηκον·
