2150 3500
153 128 203 179 ιιι
456 129 640 180 ‘mom
923 126 961 193 [L

152 211 193 287 τῷ
207 210 309 269 ium?
325 208 404 270 παιδὶ
421 205 580 286 Καμβύσῃ,
598 212 637 286 τῷ
654 233 708 285 περ
729 207 781 284 τήν
797 207 964 284 βασιληίην

155 295 253 366 ἐδδου,
273 297 320 355 καὶ
340 296 438 356 πολλά
459 295 650 372 ἐντειλάμενός
671 297 698 355 οἶ
718 299 802 371 τιμᾶν
821 321 853 356 τε
872 293 964 356 αύτδν

155 384 201 442 καὶ
219 383 249 442 εὖ
264 384 369 444 ποιέειν
380 381 416 460 ἢν
428 383 447 460 ἡ
460 382 594 459 διάβασις
606 381 625 458 ἦ
641 383 687 442 ἐπὶ
701 382 898 464 Μασσαγέτας
916 381 963 460 μὴ

154 470 274 550 ὀρθωθῇ,
287 477 376 533 ταῦτα
389 471 578 548 ἐντειλάμενος
597 472 643 530 καὶ
659 470 831 534 ἀποστειλας
841 469 963 534 τούτους

155 563 183 622 ἐς
195 561 320 637 Πέρσας,
334 558 418 624 αύτὸς
430 559 554 636 διέβαινε
567 558 616 620 τὸν
628 558 756 636 ποταμόν
773 559 819 617 καὶ
836 558 852 618 ὁ
869 585 962 636 στρα-

106 646 223 711 209τδς
243 646 335 708 αύτσῦ.
377 647 460 708 Ἐπεί
477 673 509 708 τε
530 647 560 706 δέ
582 646 736 724 ἐπεραιώθη
758 646 809 707 τδν
826 644 960 722 Ἀράξεα,

154 735 251 799 νυκτδς
263 734 446 812 ἐπελθούσης,
464 734 519 794 effic
531 733 597 814 ὄψιν
611 734 694 795 εὕδων
714 739 743 794 ἐν
761 737 817 795 τῶν
831 740 961 794 Μασσα·

154 824 255 904 γετέων
273 826 310 902 τῇ
329 822 407 902 χάρη
423 821 542 899 τοιήνδε·
564 821 654 884 ἐδόκεε
667 821 683 883 o‘
696 825 790 901 Κῦρος
810 827 840 882 ἐν
854 825 894 901 τῷ
904 821 960 882 ὕπ-

155 936 194 990 νῳ
213 910 281 988 ὁρᾶν
300 915 355 971 τῶν
367 909 545 974 Ὑστάσπεος
564 910 669 970 παίδων
687 909 737 970 τᾶν
755 909 962 987 πρεσβύτατον

156 1001 256 1076 ἔχοντα
276 998 322 1058 ἐπὶ
337 1002 393 1059 τῶν
413 996 493 1075 ὤμων
505 999 652 1080 πτέρυγας,
667 999 713 1058 καὶ
726 998 843 1059 τουτέων
854 1002 892 1076 τῇ
903 1001 962 1074 μὲν

154 1085 207 1161 τήν
217 1085 319 1162 Ἀσίην
330 1089 367 1165 τῇ
380 1085 410 1145 δέ
425 1085 477 1162 τὴν
489 1084 627 1163 Εὐρώπην
640 1085 816 1157 ἐπισκιάζειν.
853 1085 961 1146 Ὑστά-

155 1182 224 1234 σπεϊ
243 1174 274 1233 δὲ
295 1178 334 1254 τῷ
354 1172 512 1252 Ἀρσάμεος
531 1172 605 1234 ἐόντι
626 1173 705 1251 ἀνδρὶ
719 1173 900 1253 Ἀχαιμενίδῃ
920 1173 961 1250 ἦν

155 1265 210 1324 τῶν
222 1262 328 1323 παίδων
340 1265 459 1341 Δαρεῖος
471 1260 676 1340 πρεσβύτατος,
694 1261 744 1322 ἐάν
762 1261 827 1322 τότε
842 1261 960 1339 ἡλικίην

73 1353 77 1360 ’
156 1354 184 1415 ἐς
196 1352 288 1412 εἴκοσί
298 1378 348 1412 κου
360 1350 489 1428 μάλιστα
502 1352 575 1410 ἐτεα·
596 1350 643 1409 καὶ
656 1347 737 1413 οὗτος
750 1350 960 1422 καταλέλειπτο

156 1443 186 1499 ἐν
198 1441 342 1519 Πέρσησι·
363 1439 395 1499 ού
411 1438 468 1520 γάρ
484 1438 545 1518 εἶχέ
561 1465 600 1498 κω
615 1437 727 1515 ἡλικίην
742 1437 958 1515 στρατεύεσθαι.

156 1528 216 1588 ἐπεὶ
235 1527 273 1588 ὧν
293 1526 473 1608 δὴἔξεγέρθη
494 1526 510 1586 ὁ
527 1530 629 1603 Κῦρος,
649 1526 737 1587 ε’δδου
757 1525 846 1608 λύγον
866 1530 960 1607 ἑωυτῷ

155 1616 221 1693 περὶ
244 1619 296 1692 τῆς
315 1613 404 1694 ὄψιος·
428 1613 465 1677 ιύς
486 1613 518 1672 δέ
537 1616 565 1673 οἱ
592 1613 683 1675 ἐδόκεε
704 1613 816 1695 μεγάλη
840 1613 911 1674 εἶναι
936 1615 959 1692 ἦ

156 1702 228 1782 ὄψις,
255 1703 380 1766 καλέσας
404 1700 569 1763 Ὑστάσπεα
598 1702 645 1783 καὶ
670 1700 826 1779 ἀπολαβων
851 1707 959 1780 μοῦνον

159 1791 230 1851 εἶπε·
259 1789 455 1863 “Ὑστασπες,
476 1794 543 1855 παῖς
561 1790 614 1856 σδς
631 1789 822 1868 ἐπιβουλεύων
842 1792 908 1868 ἐμοί
923 1818 959 1854 τε
999 1792 1003 1799 ’

156 1879 203 1941 καὶ
214 1884 251 1960 τῇ
263 1883 318 1959 ἐμῇ
331 1878 405 1959 άρχῇ
418 1878 531 1939 ἑάλωκε·
546 1878 582 1943 ὦς
594 1880 624 1940 δὲ
638 1884 727 1940 ταῦτα
738 1879 871 1957 ἀτρεκέως
883 1881 957 1953 οἴδα,

157 1967 212 2050 ἐγὼ
232 1968 372 2048 σημανέω·
401 1972 466 2046 ε’μεῦ
488 1968 548 2030 θεοὶ
569 1968 706 2045 κηδέαται,
728 1969 776 2027 καί
793 1994 844 2046 μοι
862 1968 959 2030 πάντα

155 2055 368 2135 προδεικνύουσι
390 2056 427 2117 τά
447 2054 644 2133 ἐπιφερόμενα·
670 2056 724 2133 ἤδη
743 2054 780 2116 ὧν
799 2061 828 2115 ἐν
847 2060 883 2135 τῇ
902 2083 958 2117 πα-

155 2147 306 2226 ροιχομένῃ
326 2146 403 2207 νυκτὶ
427 2143 517 2215 εὕδων,
535 2144 610 2204 εἶδον
628 2148 684 2206 τῶν
704 2148 763 2205 σῶν
782 2144 887 2205 παιδων
906 2144 967 2206 τδν·

155 2233 355 2315 πρεσβύτατον
375 2234 476 2312 ἔχοντα
498 2233 545 2292 ἐπὶ
566 2235 621 2293 τῶν
642 2232 722 2308 ὤμων
741 2232 887 2313 πτέρυγας,
909 2234 958 2293 καὶ

155 2323 275 2383 τουτέων
298 2326 335 2400 τῇ
357 2323 409 2398 μὲν
430 2320 483 2396 τὴν
504 2318 606 2396 Ἀσίην
631 2324 668 2399 πῇ
692 2320 722 2379 δέ
744 2318 797 2395 τήν
818 2318 959 2398 Εὖρεύπην

157 2409 335 2479 ἐπισκιάζειν·
356 2407 444 2468 σύκων
462 2408 524 2467 ἐστὶ
539 2408 652 2487 μηχανὴ
666 2406 723 2468 οἶπδ
735 2412 785 2484 τῆς
798 2406 879 2487 ὄψιος
890 2409 958 2470 ταύ·

155 2522 206 2574 της
226 2496 348 2573 οὐδεμία,
369 2494 402 2555 τά
419 2494 459 2572 μὴ
478 2499 568 2557 κεῖνον
589 2494 783 2574 ἐπιβουλεύειν
806 2497 876 2573 ἐμοί·
917 2498 958 2559 σύ

155 2586 248 2645 τοίνυν
266 2582 320 2661 την
339 2583 477 2663 ταχίστην
489 2583 607 2663 πορεύεο
621 2584 711 2645 ὀπίσω
727 2589 755 2647 ἐς
768 2586 891 2662 Πέρσας,
909 2587 965 2647 καὶ·

155 2673 233 2733 ποίεε
251 2672 321 2736 ὅκως
339 2671 422 2733 ἐπεάν
442 2671 497 2755 ἐγιδ
515 2672 582 2734 τάδε
602 2671 864 2751 καταστρεψάμενος
882 2674 958 2735 ἔλθω

157 2763 220 2834 ἐκεῖ,
246 2760 282 2825 ὥς
299 2787 356 2839 Ιμοι
381 2761 564 2841 καταστήσῃς
586 2762 636 2823 τδν
655 2762 741 2821 παῖδα
762 2766 791 2826 ἐς
814 2762 958 2843 ἐλεγχον.”

109 2844 167 2903 210
178 2847 272 2920 Κύρος
288 2845 340 2920 μὲν
354 2843 455 2905 δοκέων
468 2842 589 2921 Δαρεῖόν
609 2847 636 2903 αἱ
653 2842 854 2921 ἐπιβουλεύειν,
876 2847 958 2926 ἔλεγε

10 2933 11 3012 ί
155 2930 232 2992 τάδε·
258 2936 297 3011 τῷ
322 2932 352 2991 δὲ
375 2932 392 2992 ὁ
415 2932 520 3009 δαίμων
545 2932 707 3009 προέφαινε,
735 2930 770 2995 ὥς
795 2930 878 2995 αὐτὸς
902 2936 958 3010 μὲν

155 3019 334 3096 τελαπήσειν
358 3018 443 3079 αύτοΰ
468 3020 555 3099 ταύτῃ
584 3020 689 3094 μέλλοι
713 3018 733 3095 ἦ
762 3020 792 3079 δέ
813 3020 959 3098 βασιληίη

156 3106 242 3167 αὐτοῦ
261 3108 425 3187 περιχωρέοι
445 3112 473 3171 ἐς
490 3109 618 3182 Δαρεῖον.
661 3105 809 3183 ἀμείβεται
826 3107 861 3183 δη
882 3106 958 3170 &vd

155 3192 322 3272 Ὑστάσπης
333 3195 439 3256 τοῖσδε·
461 3191 509 3251 “ὧ
525 3194 660 3269 βασιλεῦ,
673 3191 714 3270 μὴ
735 3194 778 3270 εἴη
798 3193 868 3272 α’νὴρ
882 3196 958 3273 Πέρ-

156 3304 211 3358 σης
234 3282 355 3363 γεγονιδς
379 3280 459 3345 ὅστις
482 3305 529 3340 τοι
555 3280 761 3359 ἐπιβουλεύσει,
790 3285 815 3341 εἰ
840 3281 865 3341 δ’
885 3283 967 3358 ἕσπερ
