2150 3500
120 125 233 190 ιιι-οι]
470 127 586 178 mm.
889 131 922 178 ιι

119 209 291 284 ραμείναντα
311 208 358 266 καὶ
375 207 572 268 σκυλεύσαντα
590 206 656 271 τοῦς
674 209 783 269 ἐκείνων
802 207 923 286 νεκρούς.

118 296 204 358 τέλος
233 295 270 364 δὲ,
302 300 332 354 ἐκ
360 299 411 370 τῆς
440 296 527 372 ἔριδος
553 295 745 372 συμπεσόντες
775 295 920 375 ἐμάχοντο·

118 381 266 443 πεσόντων
273 382 304 441 δέ
316 383 362 441 καὶ
375 381 541 459 ἀμφοτέρων
552 386 675 455 πολλῶν,
687 384 780 443 ἐνίκων
788 384 922 443 Λακεδαι·

118 468 223 545 μόνιοι.
263 469 386 552 Ἀργεῖοι
411 471 464 547 μέν
484 497 532 530 νυν
552 469 608 529 οἷπδ
630 471 730 530 τούτου
749 475 800 530 τοῦ
819 471 922 550 χρόνου

119 557 349 635 κατακειράμενοι
373 557 425 621 τάς
450 557 585 634 κεφαλάς,
611 558 745 635 πρότερον
771 559 921 640 ἐπάναγκες

119 649 266 721 κομῶντες,
294 645 462 722 ἐποιήσαντο
488 645 575 722 νόμον
599 670 632 706 τε
656 646 702 704 καὶ
724 645 853 722 κατάρην,
879 647 920 724 μή

118 731 258 810 πρότερον
274 734 386 812 θρέψειν
402 732 494 809 κόμην
507 733 641 813 Ἀργείων
655 734 768 810 μηδένα,
784 734 855 809 μηδὲ
870 733 921 798 τοὶς

117 819 252 898 γυναῖκάς
271 826 328 897 σφι
348 820 586 901 χρυσοφορήσειν,
602 821 668 897 πρὶν
681 819 715 880 ἂν
735 822 840 898 Θυρέας
856 821 920 881 οἶνο-

118 906 278 968 σάσωνται.
318 908 531 984 Λακεδαιμόνιοι
559 908 589 966 δὲ
615 907 651 969 τά
679 910 789 968 ἐναντία
816 909 919 970 τούτων

119 995 215 1056 ἔθεντο
228 996 322 1074 νόμον,
335 995 366 1055 οὗ
380 996 434 1076 γάρ
449 1000 587 1072 κομῶντες
598 995 654 1073 πρό
667 994 774 1065 τούτου,
787 995 845 1055 άπό
856 996 918 1056 ποό-

117 1106 170 1142 του
184 1088 282 1160 κομᾶν.
322 1083 372 1144 τόν
389 1083 419 1142 δέ
435 1084 482 1142 ἕνα
500 1084 618 1163 λέγουσι
635 1081 685 1143 τόν
702 1084 918 1160 περιλειφθέντα

117 1173 175 1229 τῶν
197 1172 370 1250 τριηκοσίων,
396 1169 563 1247 Ὀθρυάδην,
590 1171 792 1248 αἰσχυνόμενον
817 1170 917 1232 οἷπονο-

118 1258 212 1318 στέειν
232 1264 260 1322 ἐς
284 1259 424 1336 Σπάρτην,
442 1261 500 1317 τῶν
523 1261 550 1316 οἱ
573 1258 765 1335 συλλοχιτέων
787 1257 930 1336 διεφθαρ·

117 1345 216 1420 μένων,
235 1345 319 1406 αὐτοῦ
333 1372 382 1423 μιν
402 1351 432 1405 ἐν
450 1348 520 1424 τῇσι
540 1345 664 1423 Θυρέῃσι
684 1344 918 1423 καταχρήσασθαι

118 1432 228 1493 ἑωυτόν.
268 1432 405 1494 Τοιούτων
419 1433 449 1492 δὲ
455 1437 532 1492 τοῖσι
541 1431 735 1510 Σπαρτιήτῃσι
748 1432 917 1493 ἐνεστεώτων
925 1437 965 1495 83

116 1520 288 1602 πρηγμάτων
299 1519 350 1597 ἧκε
363 1520 379 1580 ό
393 1519 546 1597 Σαρδιηνός
558 1519 653 1598 κήρυξ,
664 1519 792 1595 δεόμενος
801 1521 916 1602 Κροίσῳ

116 1609 249 1684 βοηθέειν
257 1611 489 1687 πολιορκεομένῳ·
504 1611 531 1668 οἱ
541 1608 571 1667 δὲ
580 1607 654 1685 ὅμως
667 1609 728 1666 ἐπεί
737 1633 770 1667 τε
782 1607 916 1668 ἐπίθοντο

116 1700 168 1756 τοῦ
184 1697 308 1775 κήρυκος,
322 1697 443 1775 ὁρμέατο
458 1697 598 1773 βοηθέειν·
620 1697 669 1756 καί
686 1701 742 1773 σφι
759 1694 812 1772 ήδη
831 1722 915 1774 παρε-

116 1786 343 1862 σκευασμένοισι,
354 1786 401 1845 καὶ
416 1789 482 1845 νεῶν
492 1786 611 1845 ἐουσέων
621 1786 743 1861 ἑτοίμων,
754 1784 826 1859 ἦλθε
838 1783 915 1863 άλλη

115 1870 243 1953 α’γγελίη,
259 1872 295 1937 ῶς
306 1872 412 1949 ἡλώκοι
424 1872 457 1932 τδ
476 1876 570 1951 τεῖχος
585 1876 641 1932 τῶν
653 1872 751 1931 Λυδῶν
764 1874 810 1930 καὶ
823 1874 915 1951 ἔχοιτο

116 1964 243 2036 Κροῖσος
262 1960 420 2042 ζωγρηθείς.
442 1958 511 2019 οὕτω
530 1960 564 2035 δή
584 1958 660 2019 οὗτοι
678 1961 739 2035 μὲν,
762 1960 914 2038 συμφορήν

114 2048 301 2124 ποιησάμενοι
313 2046 448 2127 μεγάλην,
462 2048 625 2107 ἐπέπαυντο.

156 2134 272 2211 Σάρδιες
287 2136 317 2194 δὲ
334 2136 451 2211 ἥλωσαν
470 2132 530 2193 ὧδε.
575 2132 669 2209 ἐπειδὴ
686 2135 912 2210 τεσσερεσκαιδε-
922 2138 961 2197 84

115 2220 185 2298 κάτη
207 2224 314 2304 ἐγένετο
332 2222 422 2299 ἡμέρη
438 2222 662 2300 πολιορκεομένῳ
678 2222 801 2301 Κροίσῳ,
820 2226 914 2299 Κῦρος

112 2314 151 2389 fij
164 2314 283 2390 στρατιῇ
295 2314 331 2389 τῇ
345 2313 445 2369 ἑωυτοῦ
459 2310 617 2387 διαπέμψας
630 2310 729 2372 ἱππέας
740 2314 864 2386 προεῖπε,
874 2315 913 2389 τῳ

112 2396 213 2477 πράτῳ
232 2398 362 2474 ἐπιβάντι
377 2401 428 2457 τοῦ
443 2397 550 2476 τείχεος
568 2397 642 2474 δῶρα
659 2395 767 2457 δαίσειν·
794 2398 866 2475 μετοὶ
881 2398 912 2459 δὲ

110 2489 204 2555 τοῦτο,
218 2485 423 2561 πειρησαμένης
435 2488 485 2559 τῆς
500 2490 634 2561 στρατιῆς
648 2486 684 2549 ῶς
700 2485 732 2545 οὔ
747 2486 911 2566 προεχώρεε,

113 2574 231 2633 ἐνθαῦτα
243 2576 298 2632 τῶν
311 2572 406 2632 ἄλλων
423 2574 612 2648 πεπαυμένων,
627 2573 696 2651 ἁνήρ
713 2574 828 2651 Μάρδος
841 2581 911 2635 ἐπει-

111 2663 182 2736 ρᾶτο
204 2661 395 2737 προσβαίνων,
420 2651 459 2739 τίῳ
482 2659 587 2738 οὕνομα
608 2661 644 2738 ἧν
662 2661 814 2739 Ὑροιάδης,
841 2662 912 2723 κατοὶ

111 2750 260 2823 τοῦτοτῆς
275 2747 444 2825 ἀκροπόλιος
463 2753 499 2827 τῇ
520 2748 607 2813 οὐδεὶς
626 2750 755 2811 ἐτέτακτο
774 2750 911 2826 φύλακος·

112 2832 145 2893 οὗ
155 2833 212 2915 γάρ
224 2834 260 2911 ἦν
272 2834 362 2897 δεινόν
374 2836 444 2895 κατὰ
456 2840 541 2895 τοῦτο
553 2836 593 2912 μή
607 2836 666 2915 ἁλῷ
679 2838 753 2897 κοτέ·
769 2836 911 2915 οἷπότομός

111 2946 142 2981 τε
154 2921 209 3002 γάρ
223 2928 285 2983 ἐστι
296 2922 383 3002 ταύτῃ
396 2922 415 2999 η’
432 2922 584 3000 ἀκρόπολις
601 2924 648 2983 καὶ
663 2924 780 3004 ἄμαχος·
799 2928 836 3001 τῇ
848 2923 910 2984 οὐδὲ

112 3008 225 3085 Μήλης,
244 3009 262 3071 ό
284 3010 420 3089 πρότερον
446 3009 586 3087 βασιλεῶς
609 3011 740 3087 Σαρδίων,
764 3010 853 3089 μούνῃ
876 3011 910 3071 οὔ

111 3096 263 3173 περιήνεικε
275 3099 325 3158 τῶν
337 3099 440 3157 λέοντα
455 3096 504 3157 τόν
517 3100 545 3156 οἱ
559 3095 579 3171 ἦ
594 3097 728 3173 παλλακὴ
744 3099 826 3168 ἔτεκε,
840 3103 908 3159 Τελ-

111 3186 245 3260 μησσέων
257 3184 429 3245 δικασάντων
443 3184 479 3247 ῶς
489 3184 722 3261 περιενειχθέντος
733 3188 783 3243 τοῦ
796 3186 909 3249 λέοντος

110 3270 144 3331 τό
161 3274 252 3349 τεῖχος
270 3273 382 3333 ἔσονται
401 3270 515 3348 Σάρδιες
533 3268 681 3328 ἀνάλωτοι.
721 3269 739 3330 ό
757 3270 787 3329 δὲ
804 3272 909 3348 Μήλης
