2150 3500
105 98 224 163 85-88]
452 98 587 149 οιλυτι.
867 99 916 147 ιω

103 182 147 256 τῇ
177 177 264 259 ἵππῳ]
290 180 467 258 ἐγχρίμπτων
492 184 527 257 τῇ
555 180 653 259 θηλέῃ,
675 179 758 241 τέλος
781 179 811 238 δέ
832 181 918 254 ἐπῆκε

106 263 233 343 ὀχεῦσαι
246 266 296 326 τόν
310 266 405 325 ἵππον.
435 265 503 343 'Ap’
516 266 608 345 ήμέρη
622 266 652 325 δὲ
665 265 876 344 διαφωσκούσῃ,
891 268 917 324 οἰ
926 268 964 327 86

107 352 151 422 ἐξ,
168 352 239 412 κατά
252 353 451 429 συνεθήκαντο,
460 358 593 430 παρῆσαν
604 356 650 414 ἐπὶ
662 358 719 414 τῶν
728 354 828 414 ἵππων·
850 354 918 423 διεξ-

109 440 286 501 ελαυνόντων
306 441 336 500 δέ
357 440 427 501 κατοί
447 442 480 502 τό
496 442 676 520 προάστειον,
691 442 726 505 ὦς
745 441 815 501 κατά
834 445 918 502 τοῦτο

107 527 145 588 τό
160 529 263 607 χωρίον
278 528 402 610 ἐγίνοντο
416 530 460 589 ἵνα
469 534 520 606 τῆς
532 531 739 610 παροιχομένης
749 527 846 593 νυκτός
855 554 918 589 κατ·

110 616 223 675 εδέδετο
243 616 262 691 ή
283 615 374 692 θήλεα
395 617 488 687 ἵππος,
510 619 630 678 ἐνθαῦτα
651 617 667 678 ό
691 618 812 694 Δαρείου
833 617 918 683 ἵππος

110 703 305 781 προσδραμιδν
332 706 503 783 ἐχρεμέτισε·
535 704 596 782 ἅμα
623 706 653 764 δὲ
675 709 714 783 τῷ
739 706 814 784 ἵππῳ
835 709 918 765 τοῦτο

110 792 275 867 ποιήσαντι,
289 792 422 870 α’στραπή
442 794 473 863 ἐξ
492 794 601 871 αἰθρίης
616 793 662 852 καὶ
677 793 785 871 βροντή
800 794 917 873 ἐγένετο.

111 880 298 961 ἐπιγενόμενα
317 881 347 940 δέ
364 886 453 941 ταῦτα
469 886 508 961 τῷ
525 883 635 960 Δαρείῳ
653 883 788 942 ἐτελέωσε
801 907 850 958 μιν
864 881 918 941 ὥσ·

111 994 168 1045 περ
184 972 213 1027 ἐκ
227 969 362 1029 συνθέτου
368 994 416 1028 τευ
423 969 567 1051 γενόμενα,
580 972 606 1029 οἱ
616 970 646 1037 δέ
656 968 855 1046 καταθορόντες
863 968 919 1030 άπδ

111 1060 170 1115 τῶν
184 1057 275 1115 ἵππων
288 1056 476 1133 προσεκύνεον
489 1056 552 1139 [τόν
565 1062 685 1133 Δαρεῖον
699 1056 734 1119 εἰς
746 1057 896 1139 βασιλέα].

158 1146 195 1203 Οἱ
221 1147 273 1221 μέν
299 1144 334 1220 δή
361 1150 436 1220 φασι
456 1144 507 1205 τόν
532 1144 662 1222 Οἰβάρεα
682 1149 771 1204 ταῦτα
793 1144 965 1223 μηχανή-87

113 1233 234 1302 σασθαι,
249 1234 275 1291 οἶ
288 1232 318 1291 δὲ
330 1232 432 1302 τοιάδε,
446 1232 505 1313 (καί
517 1232 573 1313 γάρ
588 1233 630 1291 ἐπ’
645 1231 794 1309 ἀμφότερα
806 1234 919 1313 λέγεται

113 1318 172 1379 ύπδ
185 1320 340 1401 Περσέων)
355 1320 391 1383 ὦς
402 1325 453 1396 τῆς
467 1320 555 1379 ἵππου
567 1320 668 1396 ταύτης
680 1325 735 1380 τῶν
745 1319 854 1398 άρθρων
862 1326 919 1379 ἐπι·

114 1407 229 1485 ψαύσας
246 1411 283 1486 πή
300 1409 381 1487 χειρὶ,
396 1410 456 1486 ἐχοι
473 1408 560 1484 αύτήν
579 1408 685 1488 κρύψας
698 1413 728 1467 ἐν
740 1412 808 1486 τῇσι
822 1407 919 1477 α’ναξο-

113 1496 186 1572 ρίσι·
209 1495 245 1559 υἰς
261 1497 292 1555 δὲ
309 1495 368 1572 ἅμα
384 1500 422 1575 τῷ
441 1496 513 1576 ἡλίῳ
533 1496 638 1557 άνιάντι
655 1496 789 1557 άπίεσθαι
803 1497 921 1573 μέλλειν

114 1584 182 1647 τούς
208 1584 317 1655 ἵππους,
343 1584 393 1644 τόν
421 1585 552 1662 Οἰβάρεα
577 1589 677 1645 τοῦτον
703 1585 844 1662 ἐξείραντα
869 1583 921 1660 τήν

115 1675 207 1752 χεῖρα,
220 1672 291 1752 πρός
303 1676 353 1731 τοῦ
368 1674 489 1751 Δαρείου
500 1673 588 1733 ἵππου
601 1672 666 1736 τούς
678 1676 821 1751 μυκτῆρας
830 1698 920 1750 προσ-

116 1765 228 1822 ενεῖκαι·
248 1761 298 1822 τόν
313 1761 342 1820 δέ
356 1761 525 1839 αἰσθόμενον
543 1762 743 1841 φριμάξασθαί
753 1788 784 1822 τε
797 1762 843 1820 καί
856 1787 919 1840 χρε-

115 1851 241 1926 μετίσαι.
857 1859 862 1868 ’

121 1989 124 1994 τ
159 1937 278 2015 Δαρεῖός
286 1963 317 1997 τε
330 1937 365 2013 δή
378 1936 395 1998 ὅ
407 1936 586 2002 ’Ὑστάσπεος
594 1937 734 2016 βασιλεὺς
744 1936 918 1996 ἀπεδέδεκτο·
930 1940 968 1998 88

118 2026 168 2085 καί
178 2029 205 2085 οἰ
217 2025 291 2101 ἦσαν
305 2031 334 2086 ἐν
346 2031 382 2105 τῇ
395 2025 481 2106 Ἀσίη
490 2026 593 2089 πάντες
604 2025 736 2102 κατήκοοι
748 2026 826 2100 πλήν
837 2024 920 2102 Ἀρα-

117 2114 197 2191 βίων,
213 2114 308 2192 Κύρου
323 2140 355 2175 τε
374 2114 640 2193 καταστρεψαμένου
655 2114 700 2172 καὶ
712 2112 832 2189 ὕστερον
845 2112 922 2176 αὖτις

120 2201 295 2279 Καμβύσεω·
326 2201 459 2280 Ἀράβιοι
481 2201 510 2260 δὲ
537 2201 647 2278 οὐδαμοὶ
674 2199 852 2275 κατήκουσαν
876 2201 922 2259 ε’πί

119 2289 278 2368 δουλοσύνῃ
294 2291 436 2369 Πέρσησι,
451 2289 529 2348 άλλιί
548 2289 632 2358 ξεῖνοι
652 2289 778 2370 ἐγένοντο
790 2288 922 2364 παρέντες

120 2377 284 2454 Καμβύσεα
305 2378 347 2438 ἐπ’
367 2379 519 2460 Αἴγυπτον·
541 2376 689 2457 (αέκόντων
702 2376 758 2459 γοίρ
776 2375 919 2452 Ἀραβίων

120 2465 171 2526 ούκ
183 2465 219 2526 εἰν
232 2465 405 2543 ἐσβάλλοιεν
426 2467 539 2542 Πέρσαι
554 2470 581 2528 ές
594 2464 760 2546 Αἴγυπτον)
772 2465 880 2545 γάμους
892 2491 923 2523 τε

120 2553 185 2618 τούς
196 2554 322 2632 πρώτους
335 2553 435 2636 ἐγάμεε
446 2555 580 2632 Πέρσησι
593 2552 610 2613 ό
624 2557 751 2631 Δαρεῖος,
763 2552 860 2630 Κύρου
872 2555 924 2629 μὲν

122 2641 171 2702 δύο
192 2643 352 2724 θυγατέρας,
368 2641 519 2702 Ἀτοσσάν
534 2667 566 2701 τε
583 2643 629 2700 καὶ
646 2640 851 2718 Ἀρτυστώνην·
871 2640 924 2716 τήν

120 2732 172 2807 μὲν
188 2729 338 2791 Ἀτοσσαν
364 2729 634 2808 προσυνοικήσασαν
658 2728 807 2806 Καμβύση
828 2754 860 2787 τε
885 2730 924 2805 τῷ

122 2818 250 2896 ἀδελφεῷ
269 2818 317 2877 καί
333 2816 410 2881 αὖτις
425 2821 464 2897 τῷ
484 2817 586 2897 Μάγῳ·
607 2815 659 2891 τήν
675 2815 704 2874 δὲ
721 2814 924 2892 Ἀρτυστώνην,

121 2905 268 2983 παρθένον·
290 2906 385 2982 ἑτέρην
398 2905 436 2975 δέ,
451 2905 587 2982 Σμέρδιος
599 2908 651 2964 τοῦ
665 2902 762 2980 Κίρου
776 2903 923 2983 θυγατέρα,

123 2994 215 3074 ἔγημε,
234 2997 270 3071 τῇ
291 2991 397 3070 οὕνομα
414 2991 450 3068 ἦν
466 2992 595 3069 Πάρμυς·
616 2992 684 3070 ἔσχε
701 2990 731 3049 δὲ
750 2990 796 3049 καί
809 2989 861 3064 τήν
873 2992 924 3048 τοῦ

121 3079 242 3140 Ὀτάνεω
259 3081 399 3159 θυγατέρα
411 3079 431 3155 ἦ
443 3079 494 3139 τόν
507 3079 611 3161 Μάγον
628 3078 785 3152 κατάδηλον
799 3076 924 3152 ἐποίησε.

123 3167 254 3244 δυνάμιός
272 3191 304 3227 τε
320 3167 412 3227 πάντα
431 3170 458 3226 οἰ
478 3168 642 3226 ἐπιπλέατο.
676 3169 786 3240 πρῶτον
806 3165 858 3239 μέν
878 3189 926 3224 νυν

121 3255 211 3318 τύπον
230 3253 419 3332 ποιησάμενος
436 3255 546 3315 λίθινον
560 3255 672 3331 ἔστησε·
694 3254 763 3332 ζῷον
775 3252 807 3311 δέ
818 3254 846 3311 οἱ
859 3255 924 3327 ἐνῆν
