2150 3500
60 126 63 132 ·
130 112 158 170 8,
427 114 611 167 ἨΡΟΔΟἸὈΤ
889 114 927 178 [Ι.

127 216 178 254 σεν
192 195 255 254 ἔτεα
268 193 396 254 δυόδεκα·
413 191 594 272 Σαρδυόττεω
606 193 638 254 δέ
647 192 814 270 Ἀλυιίτηγς.
846 189 929 256 οὗτος

127 281 158 342 δὲ
174 279 309 360 Κυαξάρῃ
322 307 354 341 τε
365 284 405 360 τῷ
423 279 549 358 Δηιόκεω
564 280 692 363 ἀπογόνῳ
708 281 869 358 ἐπολέμησε
881 279 929 339 καὶ

127 368 264 446 Μήδοισι·
291 369 465 447 Κιμμερίους
489 395 521 430 τε
547 375 578 430 ἐκ
600 373 650 446 τῆς
672 368 771 445 Ἀσίης
793 367 927 443 ἐξήλασε·

128 456 259 535 Σμύρνην
270 482 302 517 τε
313 455 366 533 τήν
378 456 435 517 ιῖπὸ
450 460 624 533 Κολοφῶνος
637 457 802 517 κτισθεῖσαν
814 455 882 515 εἷλε·
897 459 928 518 ἐς

127 543 311 620 Κλαζομενάς
324 569 355 604 τε
369 545 502 621 ἐσέβαλε·
515 543 577 615 ,όπδ
591 545 644 622 μέν
655 569 703 606 νυν
711 542 816 605 τούτων
828 541 878 602 ούκ
890 541 928 606 οἷς

125 629 210 706 ἤθελε
223 629 378 707 ἀπήλλαξε,
392 630 470 693 όλλοὶ
483 631 683 710 προσπταίσας
694 629 832 712 μεγάλως·
848 620 931 689 ἄλλα

125 716 156 776 δὲ
172 718 240 800 ἔργα
257 715 410 788 ἀπεδέξατο
428 717 479 779 ἐολν
491 723 522 780 ἐν
535 722 574 799 τῇ
590 718 665 799 ἀρχῇ
681 715 928 799 ἀξιαπηγητότατα

78 803 200 866 mi&-
225 804 407 884 Ἐπολέμησε
431 807 614 882 Μιλησίοισι,
634 805 857 884 παραδεξάμενος
874 802 927 865 τόν

125 891 252 971 πόλεμον
267 892 344 970 σαρκὶ
360 897 411 954 τοῦ
429 892 544 971 πατρός.
585 892 742 954 ἐπελαύνων
758 891 814 974 γὰρ
829 894 926 952 ἐπολι-

123 979 202 1058 όρκεε
214 980 266 1057 τὴν
281 981 413 1057 Μίλητον
425 981 519 1059 τρόπῳ
531 981 637 1060 τοιῷδε·
651 981 721 1045 ὅκως
732 982 785 1058 μὲν
797 979 840 1057 εἴη
850 983 926 1058 ἐντῇ

122 1071 161 1150 γῇ
172 1067 278 1146 καρπός
290 1067 382 1145 όδρδς,
395 1071 546 1144 τηνικαῦτα
559 1068 704 1144 ἐσέβαλλε
715 1068 767 1144 την
779 1068 924 1146 στρατιήν·

124 1154 305 1233 ἐστρατεύετο
324 1155 354 1216 δὲ
370 1153 427 1216 ύπδ
443 1155 585 1236 συρίγγων
602 1180 634 1215 τε
652 1155 698 1215 καὶ
714 1156 861 1231 πηκτίδων,
877 1155 926 1216 καὶ
1052 1202 1055 1211 .

123 1241 212 1304 αύλοῦ
224 1243 383 1325 γυναικηίου
396 1267 427 1304 τε
443 1243 490 1301 καὶ
505 1242 644 1320 ἀνδρηίου·
666 1241 745 1314 ὥςδέ
760 1248 789 1307 ἐς
802 1242 856 1320 τήν
868 1248 923 1303 Μι-

122 1331 227 1407 λησίην
247 1331 384 1402 ἀπίκοιτο,
405 1330 544 1407 οἰκήματα
563 1333 615 1407 μὲν
634 1329 671 1391 τό
691 1331 812 1392 ἐπὶτῶν
831 1328 924 1411 όγρῶν

122 1417 186 1478 οὔτε
199 1420 367 1496 κατέβαλλε
376 1416 439 1478 ούτε
453 1418 609 1496 ἐνεπίμπρη
623 1416 687 1478 ούτε
700 1418 786 1497 θύρας
791 1416 922 1488 ,οἷπέσπα,

122 1506 155 1566 έα
167 1505 197 1564 δὲ
212 1506 282 1567 κατοὶ
295 1505 389 1584 χώρην
402 1504 562 1581 ἑπόμεναι·
583 1504 600 1566 ό
613 1505 643 1566 δέ
655 1505 693 1567 τό
704 1506 864 1583 τεδένδρεα
876 1507 923 1566 καὶ

121 1593 172 1653 τόν
184 1592 292 1670 καρπόν
300 1591 351 1652 τόν
364 1597 394 1652 ἐν
406 1594 443 1669 τῇ
455 1596 493 1671 γῇ
503 1591 573 1657 ὅκως
585 1592 762 1671 διαφθείρειε,
772 1593 922 1655 όπαλλιίσ-

121 1705 188 1740 σετο
202 1679 304 1740 ὀπίσω·
319 1683 370 1755 τῆς
382 1677 438 1762 γὰρ
452 1679 603 1757 θαλάσσης
615 1684 646 1746 οἱ
658 1681 799 1758 Μιλήσιοι
809 1681 922 1761 ἐπεκρό·

120 1794 192 1839 τεον,
207 1767 280 1829 ὥστε
298 1767 414 1845 ἐπέδρης
430 1765 472 1844 μὴ
489 1767 558 1829 εἶναι
574 1769 655 1849 ἔργον
669 1795 705 1848 τη
722 1773 851 1849 στρατιῇ·
870 1769 923 1835 τὰς

120 1855 150 1915 δὲ
169 1854 256 1919 οἰκίας
275 1853 307 1915 ού
323 1855 486 1931 κατέβαλλε
502 1854 519 1914 ὅ
532 1855 624 1919 Λυδός
637 1857 723 1917 τῶνδε
740 1856 839 1927 εἵνεκα,
852 1855 922 1921 ὅκως

121 1942 210 2020 ἔχοιεν
225 1942 351 2002 ἐνθεῦτεν
367 1940 537 2020 ὅρμειόμενοι
554 1942 607 2018 τὴν
618 1947 674 2024 γῆν
688 1944 815 2022 σπείρειν
826 1970 858 2005 τε
874 1945 921 2005 καὶ

120 2028 287 2109 ἐργάζεσθαι
295 2032 323 2089 οἱ
330 2028 480 2105 Μιλήσιοι,
488 2028 572 2093 οὗτός
580 2030 610 2090 δέ
617 2030 725 2092 ἐκείνων
731 2031 921 2110 ἐργαζομένων

74 2119 110 2177 18
120 2116 180 2196 ἔχοι
192 2141 220 2176 τι
234 2117 280 2177 καὶ
292 2116 424 2177 σίνεσθαι
436 2116 600 2193 ἐσβάλλων.
633 2120 729 2177 Ταῦτα
740 2120 842 2180 ποιέων
854 2124 920 2180 ἐπο-

119 2205 276 2281 λέμεεέτεσ.
286 2204 391 2265 ἕνδεκα·
407 2206 523 2265 ἐντοῖσι
535 2204 668 2281 τρόματα
677 2203 921 2287 μεγόλαδιφόσια
1055 2267 1056 2274 ,

119 2292 271 2369 Μιλησίων
284 2292 402 2373 ἐγένετο,
413 2291 442 2351 ἐν
453 2315 485 2351 τε
497 2292 637 2372 Λιμενηίῳ
649 2291 742 2371 χόρης
753 2296 804 2369 τῆς
817 2296 919 2370 σφετέ-
1055 2333 1056 2340 1

118 2405 169 2458 ρης
181 2380 392 2460 μαχεσαμένων,
407 2379 452 2438 καὶ
466 2383 495 2439 ἐν
508 2378 671 2456 Μαιάνδρου
682 2380 777 2460 πεδίῳ.
807 2382 856 2463 (τό
866 2383 919 2459 μέν

118 2493 167 2528 νυν
187 2468 219 2536 ἐξ
237 2467 300 2527 ἔτεα
317 2468 373 2527 τῶν
394 2464 489 2525 ἕνδεκα
509 2465 686 2542 Σαρδυόττης
705 2466 722 2529 ὅ
740 2467 859 2545 Ἀρδυος
879 2471 919 2531 ἔτι

117 2554 216 2614 Λυδῶν
227 2552 306 2632 ἦρχε,
320 2551 337 2611 ὅ
350 2552 396 2611 καὶ
410 2550 545 2628 ἐσβαλολν
556 2557 706 2629 τηνικαῦτα
719 2558 746 2619 ἐς
758 2555 918 2633 τῆν’Μιλη-

117 2642 184 2716 σίην
196 2638 248 2716 τὴν
260 2637 405 2718 στρατιήν·
424 2638 603 2717 Σορδυόττης
614 2640 670 2722 γὰρ
685 2638 765 2706 οὗτος
780 2643 826 2703 καὶ
839 2643 856 2704 ό
868 2644 918 2706 τόν

117 2727 243 2804 πόλεμον
256 2726 292 2803 ἦν
305 2726 441 2805 συνώφας·
457 2726 493 2787 τό
507 2727 536 2787 δὲ
549 2728 632 2789 πέντε
644 2732 699 2789 τῶν
712 2731 795 2791 ἐτέων
805 2730 842 2792 τοὶ
854 2732 918 2792 ἐπό-

117 2841 188 2893 μενα
200 2818 277 2876 τοῖσι
294 2815 325 2884 ἐξ
335 2813 520 2890 Ἅλυόττηςό
534 2814 713 2891 Σαρδυόττεω
729 2820 872 2897 ἐπολέμεε,
886 2819 917 2884 ὅς

118 2900 349 2981 παραδεξάμενος,
360 2900 395 2966 είς
409 2900 455 2960 καὶ
464 2901 600 2979 πρότερόν
608 2929 658 2980 μοι
671 2903 831 2980 δεδήλωται,
841 2906 920 2985 παρὰ

116 2994 168 3050 τοῦ
190 2987 297 3066 πατρός
321 2988 372 3050 τόν
397 2988 525 3066 πόλεμον
550 2995 687 3070 προσεῖχε
714 2993 916 3077 ἐντεταμένως.)

116 3081 194 3137 τοῖσι
216 3077 247 3135 δὲ
269 3076 442 3153 Μιλησίοισι
461 3075 580 3155 οὐδαμοὶ
601 3076 699 3137 Ἰιόνων
721 3079 772 3139 τόν
790 3080 918 3158 πόλεμον

116 3166 217 3225 τοῦτον
230 3163 484 3241 συνεπελάφρυνον,
498 3162 543 3223 ὅτι
557 3162 598 3241 μὴ
612 3168 679 3223 Χῖοι
689 3168 799 3242 μοῦνοι.
839 3166 918 3229 οὗτοι

117 3249 148 3309 δὲ
164 3248 198 3311 τό
216 3248 314 3327 όμοῖον
329 3249 557 3315 όντασοδιδόντες
570 3248 726 3327 ἐτιμώρεον·
746 3254 863 3335 καὶγὰρ
881 3255 918 3331 δη
