2150 3500
108 148 219 215 ιι-ιι]
299 149 304 155 ’
431 146 594 200 mmm.
861 151 911 202 ιιι

104 229 141 290 τὰ
153 229 231 307 παρὰ
244 228 397 291 θάλασσαν
411 228 480 289 εἶναι
497 227 583 304 αὐτῆς
594 232 679 311 μέχρι
690 233 843 312 Τοριχειῶν
854 235 910 292 τών

106 321 323 394 Πηλουσιακῶν,
336 320 373 395 τῇ
394 315 428 392 δὴ
442 316 650 394 τεσσεράκοντά
664 322 719 379 εἶσι
735 322 856 397 σχοῖνοι·
875 319 910 380 τὰ

106 404 139 464 δὲ
161 405 218 465 ἀπδ
242 402 392 481 θαλάσσης
417 403 557 485 λεγόντων
583 410 611 470 ές
636 406 793 488 μεσύγαιαν
813 407 912 467 τείνειν

106 491 195 569 αύπῆν
206 495 292 572 μέχρι
304 491 493 569 Κερκασώρου
505 493 614 564 πόλιος,
629 493 687 555 κατ’
700 494 735 570 ἢν
748 496 875 574 σχίζεται
892 494 909 555 ὁ

106 585 220 656 Νεῖλος,
235 583 262 644 ἔς
274 605 305 640 τε
317 579 484 657 Πηλούσιον
500 581 570 658 ῥέων
583 583 629 640 καὶ
648 587 676 645 ἐς
694 581 844 658 Κάνωβον·
872 582 910 644 τοὶ

106 667 228 728 δὲᾶλλο
248 668 387 750 λεγόντων
403 671 454 743 τῆς
467 669 610 749 Αἰγύπτου
622 669 658 730 τά
679 672 731 747 μὲν
751 670 862 746 Λιβύης
873 669 910 731 τά

105 755 139 815 δὲ
149 755 287 834 Ἀραβίης
300 756 378 816 εἶναι·
400 754 626 833 ἀποδεικνύοιμεν
635 755 677 828 ἀν,
687 757 776 836 τούτῳ
785 762 823 837 τῷ
832 759 910 840 λόγῳ

103 843 266 922 χρεώμενοι,
280 844 460 926 Αἰγυπτίοισι
473 843 523 903 ούκ
536 849 639 905 εὀῦσαν
655 845 791 923 πρότερον
803 845 906 925 χώρην·

104 931 160 1008 ἤδη
172 932 228 1013 γάρ
241 938 297 1009 σφι
309 931 343 992 τό
355 956 389 1013 γε
403 932 507 1003 Δέλτα,
521 931 558 996 ώς
571 931 650 992 αύτοὶ
656 933 780 1014 λέγουσι
800 933 906 1016 Αἰγύπ-

103 1044 161 1080 τιοι
178 1023 224 1081 καὶ
240 1021 303 1099 ε’μοὶ
323 1020 421 1089 δοκέει,
434 1020 496 1080 ἔστι
509 1020 679 1099 κατάρρυτόν
696 1046 727 1081 τε
741 1021 787 1081 καὶ
800 1023 907 1094 νεωστὶ,

104 1107 144 1172 ώς
155 1108 231 1190 λόγῳ
245 1111 339 1179 εἰπεῖν,
352 1105 540 1186 ἀναπεφηνός·
562 1113 586 1168 εἰ
604 1109 696 1170 τοίνυν
709 1116 766 1186 σφι
783 1109 861 1190 χώρη
873 1136 908 1193 γε

102 1196 227 1275 μηδεμία
238 1196 356 1275 ύπῆρχε,
369 1196 400 1256 τί
412 1195 637 1277 περιειργάζοντο
651 1197 790 1261 δοκέοντες
802 1202 908 1276 πρῶτοι

103 1283 256 1363 ἀνθρώπων
274 1284 436 1366 γεγονένοι;
458 1283 521 1344 οὐδὲ
534 1284 588 1344 ἔδει
607 1285 701 1362 σφέας
718 1291 746 1348 ε’ς·
764 1284 909 1364 διάπειραν

102 1376 160 1433 τῶν
172 1373 287 1433 παιδίων
300 1374 376 1444 ἰέναι,
389 1371 452 1432 τίνα
463 1376 604 1454 γλῶσσαν
615 1373 728 1452 πρώτην
742 1371 905 1450 ἀπήσουσι;

103 1460 171 1520 ἀλλ’
190 1460 253 1521 οὔτε
268 1461 437 1542 Αἰγυπτίους
458 1461 544 1521 δοκέω
557 1460 617 1539 ἅμα
637 1465 676 1541 τῷ
692 1463 787 1522 Δέλτα
807 1466 846 1540 τῷ
860 1461 907 1522 ὑπ’
961 1514 965 1519 .

102 1547 202 1610 Ἰώνων
211 1549 368 1629 καλεομένῳ
380 1549 520 1631 γενέσθαι,
531 1552 588 1610 αἰεί
597 1576 629 1611 τε
638 1550 746 1620 εἶναιέξ
758 1546 791 1610 οὗ
804 1549 907 1628 ἀνθρώ-

102 1663 164 1723 πων
175 1638 256 1720 γένος
269 1638 387 1719 ἐγένετο·
407 1637 560 1715 προϊούσης
570 1639 600 1698 δὲ
609 1643 659 1716 τῆς
668 1638 768 1718 χώρης,
778 1639 906 1703 πολλούς

101 1728 157 1803 μὲν
175 1725 241 1792 τούς
259 1726 497 1803 ὑπολειπομένους
509 1725 599 1789 αὐτῶν
619 1727 760 1810 γενέσθαι,
780 1727 907 1792 πολλοῦς

103 1816 135 1875 δὲ
145 1816 212 1879 τούς
222 1814 507 1891 ύποκαταβαίνοντας.
526 1815 562 1875 τό
575 1815 599 1874 δ’
613 1816 650 1876 ὧν
662 1814 752 1875 πάλαι
766 1820 796 1876 αἱ
808 1818 906 1893 Θῆβαι

102 1905 246 1985 Αἴγυπτος
258 1904 398 1963 ε’καλέετο·
426 1906 477 1978 τῆς
493 1902 527 1964 τὸ
541 1904 708 1981 περίμετρον
725 1904 838 1965 στάδιοί
849 1910 905 1965 εἰσι

103 1992 195 2052 είκοσι
215 1992 262 2051 καὶ
283 1990 381 2052 ἔκατδν
407 1991 454 2050 καὶ
475 1990 669 2069 ἑξακισχίλιοι.
710 1994 747 2051 El
768 1991 806 2052 ὧν
825 1992 952 2069 ἤμεῖς16

102 2079 193 2157 ὀρθῶς
204 2080 268 2158 περὶ
278 2079 367 2139 αύτῶν
376 2077 560 2161 γινώσκομεν,
568 2078 662 2143 Ἴωνες
672 2078 721 2139 ούκ
733 2079 761 2139 εὖ
773 2080 904 2156 φρονέου-

102 2194 136 2228 σι
155 2170 221 2247 περὶ
239 2167 391 2249 Αἰγύπτου.
433 2170 458 2227 εἰ
475 2167 506 2226 δὲ
523 2166 594 2244 ὀρθή
616 2172 678 2227 ε’στι
697 2166 717 2243 ἦ
736 2170 791 2227 τῶν
808 2166 906 2227 Ἰώνων

101 2257 208 2339 γνώμη,
223 2256 369 2334 Ἐλληνάς
383 2280 414 2317 τε
432 2256 479 2315 καὶ
499 2253 598 2319 αύτούς
613 2254 711 2318 Ἴωνας
727 2249 906 2333 ἀποδείκνυμι

102 2335 375 2423 ούκγὲπισταμένους
395 2344 570 2425 λογίζεσθαι·
592 2344 622 2403 οἵ
641 2350 716 2420 φασι
737 2342 801 2420 τρία
818 2342 904 2420 μόρια

103 2433 174 2493 εἶναι
185 2438 241 2515 γῆν
252 2438 357 2504 πᾶσαν,
367 2431 504 2510 Εὐρώπην
513 2457 545 2491 τε
558 2433 604 2491 καὶ
616 2431 716 2508 Ἀσίην
730 2433 776 2490 καὶ
782 2430 903 2508 Αιβύην·

101 2522 235 2599 τέταρτον
246 2521 302 2604 γὰρ
310 2521 344 2595 δή
352 2526 444 2597 σφεας
453 2520 496 2579 δεῖ
501 2520 751 2601 προσλογίζεσθαι,
761 2519 904 2600 Αἰγύπτου

101 2609 135 2670 τὸ
157 2610 264 2670 Δέλτα·
284 2612 309 2668 εἰ
329 2609 369 2686 μή
390 2634 418 2668 τι
433 2608 469 2689 γε’
489 2612 551 2667 ε’στι
572 2613 624 2685 τῆς
643 2608 742 2684 Ἀσίης
761 2607 833 2684 μήτε
851 2612 903 2684 τῆς

100 2697 221 2775 Λιβύης.
262 2696 295 2758 ού
312 2696 368 2779 γάρ
384 2695 419 2772 δὴ
433 2695 449 2755 ὁ
462 2695 568 2760 Νεῖλός
579 2698 615 2777 γέ
627 2701 697 2770 ἔστι,
713 2696 783 2756 κατὰ
803 2700 903 2757 τοῦτον

99 2785 151 2846 τδν
168 2786 264 2866 λόγον,
286 2784 302 2845 ὅ
320 2785 372 2860 τήν
385 2784 487 2859 Ἀσίην
505 2782 619 2860 ούρίζων
638 2787 689 2859 τῆς
704 2782 824 2859 Λιβύης·
852 2787 904 2843 τοῦ

101 2874 200 2934 Δέλτα
212 2874 242 2932 δὲ
254 2872 355 2933 τούτου
369 2870 439 2932 κατά
454 2870 488 2931 τδ
508 2870 558 2941 ὀξύ
577 2870 793 2950 περιρρήγνυται
806 2870 822 2929 ὁ
836 2874 902 2930 Νεῖ-

100 2966 160 3032 λος,
175 2961 250 3022 ὥστε
270 2966 299 3022 ε’ν
319 2964 358 3040 τῷ
373 2959 478 3037 μεταξύ
497 2958 597 3037 Ἀσίης
616 2984 648 3019 τε
664 2958 710 3019 καὶ
731 2957 841 3034 Λιβύης
860 2959 903 3039 γί-

101 3049 168 3111 νοιτ’
181 3049 225 3110 ἀν.
391 3119 393 3122 ,

141 3139 201 3198 Καὶ
212 3138 264 3215 τὴν
276 3140 328 3215 μὲν
339 3136 438 3198 Ἰώνων
450 3137 563 3218 γνώμην
576 3134 698 3211 ἀπίεμεν,
713 3132 794 3211 ἡμεῖς
807 3132 837 3192 δὲ
851 3131 903 3193 ὧδε
912 3134 949 3195 17

100 3227 147 3287 καὶ
160 3226 224 3304 περὶ
235 3226 339 3287 τούτων
352 3226 481 3306 λέγομεν·
501 3226 646 3305 Αἴγυπτον
658 3224 710 3299 μὲν
721 3224 818 3282 πᾶσαν
832 3220 902 3281 εἶναι

99 3313 204 3391 ταύτην
217 3314 270 3389 τὴν
288 3313 336 3373 ἀπ’
353 3311 512 3393 Αἰγυπτίων
528 3312 696 3386 οἰκεομένην,
711 3308 833 3385 κατάπερ
849 3314 901 3369 Κι-
