2150 3500
179 78 228 132 170
485 82 666 132 ωνοιουου
938 83 990 150 [IL

178 159 308 236 μηχανήν
321 159 428 220 ἐτίθετο
442 163 587 222 ἑστεῶσαν
600 161 646 220 ἐπὶ
661 164 712 222 τοῦ
724 160 838 238 τρόπου
851 164 990 242 στοίχου·

177 245 238 306 α’πό
252 245 352 305 τούτου
370 244 400 305 δέ
418 247 465 305 ἐπὶ
482 246 532 307 τόν
548 246 675 324 δεύτερον
687 248 784 308 ἕλκετο
802 254 930 328 στοῖχον
947 251 990 310 ἐπ’

177 331 268 408 ἄλλης
279 337 417 412 μηχαιής·
437 333 503 393 ὅσοι
515 332 571 415 γάρ
585 333 619 410 δή
633 337 746 414 στοῖχοι
759 334 836 410 ἦσαν
848 341 910 396 τῶν
923 336 990 397 α’νει-

177 420 298 498 βαθμῶν
315 424 452 481 τοσαῦται
471 421 518 480 καὶ
537 423 568 480 αἱ
586 422 712 501 μηχαναὶ
731 421 817 498 ἦσαν·
840 424 867 482 εἶ
887 449 922 484 τε
943 427 989 485 καὶ

176 507 229 584 τήν
242 506 328 585 αι’νιήν
339 507 470 586 μηχανήν
483 511 586 568 ἐοῦσαν
598 509 667 585 μίαν
678 535 710 570 τε
723 510 770 569 καὶ
784 508 989 588 εὐβάστακτον

177 594 349 674 μετεφόρεον
371 594 419 655 ἐπὶ
441 598 560 674 στοῖχον
583 596 711 668 ἕκαστον,
732 596 803 660 ὅκως
827 596 882 658 τόν
904 599 989 661 λίθον

178 684 308 753 ἐξέλοιεν·
328 683 456 762 λελέχθω
471 683 527 764 γοὶρ
543 682 612 760 ήμῖν
628 683 670 744 ἐπ’
684 683 843 762 ἀμφότερα,
857 685 987 766 κατάπερ

177 771 299 852 λέγεται.
334 770 483 846 ἐξεποιήθη
496 770 520 830 δ’
533 770 571 832 ὧν
583 771 619 832 τά
632 770 760 833 οἷνάτατα
772 770 862 848 ου’τῆς
875 778 986 851 πριῖντα·

176 858 248 934 μετά
261 857 299 928 δὲ,
312 857 349 919 τά
365 857 487 935 ἐπόμενα
499 857 604 920 τούτων
618 859 765 929 ἐξεποίευν·
785 864 941 922 τελευταῖα
956 863 986 922 δὲ

178 944 263 1021 αι’πής
287 944 324 1006 τά
350 946 464 1027 ἐπίγαια
490 946 537 1006 καὶ
562 946 600 1007 τοὶ
625 947 773 1008 κατωτάτω
800 947 983 1026 ἐξεποίησαν.

176 1031 354 1110 σεσήμανται
380 1033 411 1093 δὲ
436 1032 482 1094 διά
504 1033 677 1114 γραμμάτων
702 1035 864 1115 Αῖήυπτίων
890 1042 921 1098 ἐν
948 1041 984 1116 τῇ

177 1121 320 1199 πυραμίδι,
334 1119 391 1182 ὅσα
406 1121 434 1184 ἐς
449 1146 481 1182 τε
493 1123 636 1200 συρμαίην
648 1123 694 1182 καὶ
707 1121 838 1200 κρόμμυα
852 1124 902 1183 καὶ
916 1126 983 1186 σκό-

175 1208 247 1285 ροδα
266 1209 442 1287 α’ναισιμάθη
461 1212 540 1270 τοῖσι
560 1211 780 1292 ἐργαζομένοισι·
805 1211 854 1270 καὶ
875 1210 914 1276 οἷς
933 1217 983 1289 ἐμὲ

178 1295 208 1357 εὖ
227 1299 390 1376 μεμνῆσθαι
412 1296 449 1358 τοὶ
469 1295 485 1357 ὅ
506 1297 636 1374 ἑρμηνεύς
655 1323 705 1375 μοι
725 1296 927 1379 ἐπιλεγόμενος
945 1301 981 1360 τὰ

175 1385 329 1466 γράμματα
348 1387 412 1463 ἔφη,
430 1382 563 1456 ἑξακόσια
581 1387 628 1446 καὶ
646 1385 729 1465 χίλια
746 1385 875 1447 τάλαντα
897 1386 983 1470 άργυ-’

175 1472 238 1548 ρίου
256 1474 431 1534 τετελέσθαι.
473 1476 498 1533 εί
517 1471 542 1532 δ’
563 1473 624 1533 ἐστι
648 1471 732 1536 οὕτως
756 1473 858 1552 ἔχοντα
880 1479 978 1548 ταῦτα,

177 1559 250 1620 κόσα
267 1559 340 1622 εἰκός
355 1559 433 1620 ἅλλα
450 1559 663 1636 δεδαπανήσθαί
680 1565 743 1621 ἐστι
763 1561 791 1624 ἐς
808 1587 842 1622 τε
861 1563 980 1640 σίδηρον

175 1650 214 1726 τῷ
231 1646 388 1728 ἐργάζοντο,
407 1647 454 1707 καὶ
474 1649 553 1709 σιτία
573 1649 620 1709 καὶ
639 1649 749 1725 ἐσθῆτα
765 1651 844 1710 τοῖσι
864 1653 977 1733 ἐργαζο-

175 1735 304 1812 μένοισι;
324 1735 405 1797 ὁκότε
420 1734 522 1815 χρόνον
538 1738 592 1814 μέν
609 1736 770 1814 οἰκοδόμεον
785 1736 822 1798 ταὶ
839 1738 909 1820 ἔργα
927 1739 977 1801 τόν

175 1823 325 1901 εἰρημένον,
336 1822 427 1886 ἄλλον
437 1824 475 1895 δὲ,
486 1824 523 1889 οἷς
536 1824 698 1907 ἐγῶδοκέω,
709 1830 739 1885 ἐν
750 1828 789 1906 τῷ
801 1826 867 1891 τούς
879 1827 976 1892 λίθους

175 1912 292 1989 ἔταμνον
305 1913 352 1971 καὶ
364 1910 443 1994 άγον,
454 1913 502 1973 καὶ
512 1912 547 1973 τό
560 1912 615 1975 όπὸ
628 1917 683 1995 γῆν
696 1911 806 1994 ὄρυγμα
816 1913 974 1995 ἐργάζοντο,

129 1998 245 2059 12θοόκ
265 1999 364 2083 ὀλίγον
383 1999 494 2080 χρόνον.
533 1999 583 2063 Ἐς
602 2004 687 2062 τοῦτο
708 2001 745 2060 δέ·
761 2002 856 2062 ἐλθεῖν
876 2002 975 2062 Χέοπα

174 2087 334 2166 κακότητος,
352 2087 425 2151 ὥστε
441 2086 591 2169 χρημάτων
608 2088 747 2166 δεόμενον,
763 2088 816 2165 τήν
835 2090 974 2170 θυγατέρα

173 2175 226 2253 τήν
251 2182 353 2239 ἐαυτοῦ
384 2178 538 2238 κατίσαντα
566 2174 608 2236 ἐπ’
635 2175 786 2253 οἰκήματος
814 2178 974 2255 προστάξαι

174 2266 358 2343 πρήσσεσθαι
383 2264 515 2347 άργόριον
540 2263 644 2325 όκόσον
670 2264 706 2340 δή
728 2290 765 2326 τι·
781 2264 828 2339 οὗ
854 2264 911 2346 γάρ
937 2266 972 2343 δή

173 2354 258 2413 τοῦτό
269 2379 303 2435 γε
316 2356 423 2434 ἔλεγον·
443 2353 496 2429 τήν
508 2352 539 2413 δέ
554 2352 633 2414 τότε
649 2351 705 2414 ὖπό
720 2356 772 2413 τοῦ
784 2353 892 2431 πατρός
905 2379 971 2434 ταχ·

174 2440 257 2499 θέντα
275 2439 467 2515 πρήσσεσθαι,
489 2440 544 2519 ἰδίῃ
564 2440 594 2499 δὲ
614 2441 660 2501 καὶ
680 2439 767 2517 αὐτήν
790 2440 971 2517 διανοηθῆναι

172 2526 312 2603 μνημήῖον
322 2528 537 2597 καταλιπέσθαι,
549 2528 595 2587 καὶ
608 2534 658 2589 τοῦ
669 2528 794 2593 ἐσιόντος
805 2528 878 2608 πρός
887 2529 972 2607 αότήν

173 2613 292 2675 ἑκάστου
313 2615 427 2676 δέεσθαι
445 2614 515 2680 ὅκως
534 2614 569 2676 ἂν
588 2615 659 2696 αὐτῇ
678 2617 726 2679 ἕνα
745 2618 827 2679 λίθον
846 2621 877 2678 ἐν
896 2622 971 2679 τοῖσι
1048 2616 1049 2679 ί

173 2703 282 2785 ἔργοισι
299 2702 438 2781 δωρέοιτο·
458 2707 489 2763 ἐκ
509 2702 614 2766 τούτων
634 2705 663 2765 δέ
682 2708 738 2766 τῶν
757 2706 844 2767 λίθων
860 2707 970 2783 ἐφασαν

172 2791 225 2868 τήν
236 2792 379 2871 πυραμίδα
392 2792 610 2870 οἰκοδομηθῆναι
624 2791 676 2869 τήν
688 2798 718 2854 ἐν
730 2795 809 2873 μέσῳ
822 2798 878 2855 τῶν
890 2799 971 2873 τριῶν
1048 2796 1049 2815 ἦ

173 2884 328 2957 ἑστηκυῖαν,
349 2880 493 2958 ἔμπροσθε
511 2884 563 2956 τῆς
584 2879 711 2960 μεγάλης
734 2882 899 2959 πυραμίδος·
922 2886 969 2957 τῆς
1048 2916 1049 2919 “

173 2972 234 3027 ἐστι
248 2968 282 3028 τό
303 2972 395 3028 κοῖλον
415 2968 534 3027 ἕκαστον
551 2965 620 3026 ὅλου
638 2966 685 3025 καὶ
701 2964 820 3043 ἡμίσεος
835 2970 967 3047 πλέθρου.

126 3055 182 3113 127
193 3060 370 3114 Βασιλεῦσαι
383 3055 413 3114 δὲ
424 3053 474 3115 τόν
487 3054 586 3112 Χέοπα
598 3055 698 3112 τοῦτον
711 3054 860 3135 Αἰγύπτιοι
873 3057 967 3136 ἔλεγον

170 3142 342 3216 πεντήκοντα
362 3143 433 3201 ἐτεα·
459 3137 680 3214 τελευτήσαντος
701 3139 732 3199 δέ
751 3141 861 3211 τούτου,
882 3142 966 3213 ἐκδέξ·
1048 3188 1049 3195 ³

171 3226 259 3285 ασθαι
269 3227 322 3302 τήν
337 3227 495 3303 βασιληίην
507 3224 557 3286 τόν
569 3223 710 3301 ἀδελφεόν
723 3225 808 3287 αὐτοῦ
820 3231 965 3307 Χεφρῆνα·
