2150 3500
95 110 236 176 11⁵·118]
437 112 572 162 9111111.
848 115 896 169 ιιι

92 179 216 269 ἑκάστης
231 190 385 253 ἑκάστοισι·
413 192 475 253 ἐπεί
489 217 520 252 τε
536 192 567 252 δέ
583 190 640 253 ύτδ
654 194 695 271 τῷ
709 192 812 274 Πέρσῃ
831 196 897 265 εἶσὶ,

92 280 255 341 πεπόνθασι
280 278 396 341 τοιόνδε·
424 277 487 344 Ιτάς
520 279 683 361 διασφάγας
715 286 771 342 τῶν
797 281 898 360 οὐρέων

93 368 220 446 ἐνδείμας
240 367 256 428 ὁ
282 367 430 445 βασιλεύς,
452 368 545 432 πύλας
566 368 608 428 ἐπ’
630 369 736 449 ἑκάστη
757 370 898 453 διασφάγι

93 457 209 532 ἔστησε·
230 456 468 533 ἀποκεκληιμένου
482 456 512 517 δὲ
524 456 687 521 τοῦ,ὕδατος
701 462 752 533 τῆς
765 458 897 530 διεξόδου,
935 487 944 493 ·

92 544 128 605 τά
154 544 249 605 πεδίον
274 544 307 605 τό
335 544 410 609 ἐντός
430 548 486 605 τῶν
507 544 609 623 οὐρέων
634 546 761 626 πέλαγος
781 546 895 626 γίνεται,

93 632 248 697 ἐνδιδόντος
272 634 325 710 μὲν
349 637 400 693 τοῦ
430 637 561 711 ποταμοῦ
591 634 705 712 ἔχοντος
731 633 761 691 δὲ
788 632 897 711 ούδαμῆ

93 719 234 796 ἐξήλυσιν.
278 718 356 795 οὗτοι
368 720 405 782 ῶν
417 722 497 799 οἷπερ
516 722 676 799 ἔμπροσθεν
693 720 816 782 ἐύθεσαν
827 726 896 800 χρῶ-

92 809 164 869 σθαι
177 813 216 889 τῷ
227 808 313 882 ὕδατι,
329 808 379 869 ούκ
393 810 504 888 ἔχοντες
519 809 593 887 αύτῷ
609 809 744 889 χρᾶσθαι,
758 813 896 890 συμφορῇ

91 896 207 977 μεγάλῃ
219 897 407 977 διαχρέωνται·
427 896 477 957 τόν
489 900 542 973 μὲν
553 896 608 977 γάρ
621 900 746 975 χειμῶνα
755 896 797 956 ὕει
810 904 866 974 σφι
879 897 897 958 o‘

93 983 166 1055 θεάς,
189 984 283 1062 ὥσπερ
302 984 348 1045 καὶ
362 988 440 1045 τοῖσι
458 984 578 1044 ἀλλοισι
595 981 778 1060 ἀνθρώποισι·
797 989 848 1044 τοῶ
865 986 896 1047 δέ

92 1072 188 1149 θέρεος
201 1074 362 1151 σπείροντες
374 1072 491 1150 μελίνηύ
505 1072 552 1132 καὶ
568 1071 710 1148 σήσαμον,
724 1072 896 1150 χρηΐσκοντο

92 1162 133 1237 τῷ
157 1159 245 1221 ὕδατι·
273 1161 357 1222 ἐπεάν
384 1159 422 1221 ὧν
447 1161 534 1237 μηδέν
556 1166 612 1237 σφι
632 1160 893 1235 παραδιδῶταιτοῦ

91 1244 200 1318 ὕδατος,
222 1248 350 1312 ἐλθόντες
370 1253 398 1311 ἐς
416 1248 481 1313 τούς
495 1249 612 1326 Πέρσας
631 1244 713 1306 αὐτοί
729 1272 762 1306 τε
781 1247 828 1305 καὶ
846 1273 895 1327 γυ-

37 1402 41 1409 .
90 1338 192 1407 ναῖκες,
205 1336 322 1400 στάντες
335 1336 405 1395 κατά
417 1337 468 1399 τοὶς
482 1336 567 1414 θύρας
578 1338 629 1396 τοῦ
642 1334 783 1411 βασιλέος
796 1334 893 1409 βοῶσι

91 1420 254 1501 ἀρυόμενοι·
282 1424 298 1485 ά
319 1424 349 1484 δέ
368 1424 508 1501 βασιλεύς
527 1428 605 1484 τοῖσι
626 1422 785 1499 δεομένοισι
803 1421 894 1482 αὐτῶν

90 1511 220 1588 μάλιστα
233 1514 393 1573 ἐντέλλεται
405 1511 526 1593 ἀνοίγειν
539 1511 590 1575 τάς
602 1510 695 1574 πύλας
706 1509 757 1573 τάς
769 1514 797 1573 ἐς
809 1512 894 1569 τοῦτο

91 1600 244 1675 φερούσας·
272 1599 355 1662 ἐπεάν
373 1600 403 1659 δέ
424 1598 552 1677 διάκορος
570 1598 590 1676 ἤ
605 1602 643 1680 γῆ
664 1598 762 1674 σφέων
779 1598 894 1679 γένηται

92 1690 213 1748 πίνουσα
224 1688 258 1750 τδ
278 1689 358 1766 ὕδωρ,
372 1686 455 1749 αὗται
471 1691 523 1766 μὲν
536 1691 566 1748 αἱ
578 1688 667 1748 πύλαι
682 1685 892 1762 ἀποκληίονται,

90 1777 184 1841 ἄλλοις
203 1775 226 1836 δ’
247 1779 407 1838 ἐντέλλεται
426 1776 548 1858 ἀνοίγειν
565 1776 684 1836 άλλοισι
703 1779 781 1835 τοῖσι
799 1774 893 1852 δεομέ-

89 1890 166 1927 νοισι
177 1865 306 1943 μάλιστα
317 1859 372 1926 τῶν
384 1869 499 1926 λοιπῶν·
520 1865 557 1928 ῶς
570 1865 599 1924 δὲ
613 1864 667 1949 ἐγῶ
680 1863 743 1923 οἶδα
760 1861 893 1935 ἀκούσας,

88 1953 222 2034 χρήματα
244 1954 357 2036 μεγάλα
379 1951 580 2030 πρησσόμενος
599 1951 712 2032 ἀνοίγει,
730 1950 821 2028 πάρεξ
841 1954 892 2011 τοῦ

90 2041 191 2118 φόρου.
231 2047 320 2104 ταῦτα
332 2043 384 2120 μὲν
398 2041 432 2116 δὴ
447 2043 505 2120 ἔχει
518 2039 601 2105 ούτωι

130 2135 192 2190 Τῶν
212 2131 242 2190 δέ
260 2134 299 2210 τῷ
319 2129 411 2212 Μάγῳ
433 2126 648 2188 ἐπαναστάντων
668 2123 739 2184 ἐπτά
758 2123 871 2202 ἀνδρῶν,
882 2126 940 2186 118

89 2217 138 2277 ἕνα
160 2217 250 2280 αὐτῶν
268 2218 448 2296 Ἰνταφέρνεα
469 2216 621 2291 κατέλαβε,
638 2212 799 2290 ὑβρίσαντα
816 2211 891 2282 τάδε,

88 2305 241 2368 ἀποθανεῖν
261 2306 360 2367 αύτίκα
379 2305 451 2384 μετά
470 2303 523 2380 την
537 2301 739 2363 ἐπανάστασιν·
759 2298 846 2375 ἤθελε
865 2304 894 2363 ἐς

88 2393 125 2453 τά
144 2394 289 2471 βασιλήϊα
309 2393 434 2455 ἐσελθῶν
453 2391 688 2472 χρηματίσασθαι
705 2392 744 2468 τῷ
760 2387 891 2464 βασιλέϊ·
960 2456 964 2462 ,

89 2483 136 2542 καὶ
150 2484 207 2564 γάρ
227 2485 262 2560 δή
276 2484 322 2543 καὶ
335 2483 351 2545 ὁ
365 2483 450 2559 νόμος
468 2480 541 2541 οὕτω
554 2480 612 2559 εἶχε
625 2482 702 2539 τοῖσι
715 2479 893 2537 ἐπαναστᾶσι

88 2575 128 2649 τῷ
146 2572 247 2654 Μάγῳ,
263 2571 361 2632 ἔσοδον
375 2571 444 2631 εἶναι
459 2569 537 2646 παρά
550 2567 678 2645 βασιλέα
690 2564 755 2625 ἀνευ
768 2562 892 2646 ἀγγέλου

88 2658 124 2732 ἢν
142 2659 182 2735 μὴ
197 2661 308 2740 γυναικὶ
325 2659 449 2740 τυγχάνῃ
462 2655 636 2738 μισγόμενος
648 2655 664 2715 ό
677 2652 827 2731 βασιλεύς·
848 2649 893 2710 ού-

89 2771 144 2805 κων
164 2746 198 2822 δη
218 2747 397 2825 Ἰνταφέρνης
418 2747 536 2806 ἐδικαίευ
557 2744 656 2804 ούδένα
673 2745 700 2802 οἶ
718 2743 892 2821 ἐσαγγεῖλαι,

88 2830 164 2904 ἀλλ’,
178 2834 222 2895 ὅτι
234 2836 269 2912 ἦν
282 2841 338 2896 τῶν
352 2833 429 2905 ἐπτά,
444 2834 550 2893 ἐσιέναι
562 2830 658 2909 ἤθελε·
679 2828 695 2890 ὅ
709 2830 739 2888 δέ
751 2825 893 2902 πυλουρδς

88 2921 136 2980 καὶ
149 2921 166 2982 ό
179 2920 388 3005 ἀγγελιηφόρος
401 2920 433 2982 ού
447 2920 606 2999 τεριιίρεον,
615 2917 738 2995 φάμενοι
747 2915 798 2976 τόν
806 2915 893 2990 βασι·

87 3009 142 3068 λέα
168 3012 278 3091 γυναικὶ
303 3009 469 3090 μίσγεσθαι·
498 3008 515 3068 ό
540 3008 570 3067 δέ
590 3005 770 3082 Ἰνταφέρνης
792 3001 894 3060 δοκέων

86 3097 182 3173 σφέας
195 3098 297 3177 ψεύδεα
310 3097 412 3178 λέγειν,
422 3096 510 3156 ποιέει
522 3093 625 3154 τοιάδε·
647 3091 831 3169 σπασάμενος
843 3086 893 3147 τόν

86 3184 221 3246 ἀκινάκεα
241 3183 395 3260 ἀποτάμνει
414 3181 503 3242 αὐτῶν
515 3181 552 3241 τά
564 3208 595 3241 τε
609 3181 665 3240 ῶτα
679 3181 725 3238 καὶ
737 3178 788 3241 τάς
806 3179 891 3254 ῥῖνας,

87 3273 136 3332 καὶ
155 3273 268 3351 ἀνείρας
286 3270 350 3348 περὶ
369 3269 419 3331 τάν
435 3267 555 3350 χαλινόν
568 3273 621 3329 τοῦ
640 3270 727 3330 ἵππου
747 3266 812 3346 περὶ
828 3262 894 3325 τούς

167 3353 196 3398 21
