2150 3500
88 119 231 207 ιιι-ιιι]
423 146 559 199 omn.
743 207 747 216 ,
838 152 888 205 οτι

87 222 294 300 λωβησάμενος
308 222 355 283 καὶ
374 222 391 285 ὅ
408 250 437 286 τι
449 226 627 303 ποιήσαντας
647 227 708 290 δδέ
720 228 790 291 εἴτε·
809 230 889 293 “ofin

73 312 151 371 ’ἐστι
164 309 246 375 οὗτος
259 310 332 390 άνήρ
345 311 389 373 ὅτι
401 312 442 391 μή
456 315 550 395 σύ,τῷ
563 317 625 376 ἔστι
637 316 751 396 δύναμις
763 318 888 396 τοσαύτη

87 402 138 479 ἐμὲ
150 399 185 475 δή
199 398 251 461 ὧδε
264 400 408 462 διαθεῖναι·
422 400 485 463 ούτε
496 428 539 467 τις
549 402 713 483 α’λλοτρίων,
722 406 744 465 ὦ
753 408 887 482 βασιλεῦ,

86 487 155 550 τάδε
172 490 316 571 ἔργασται,
333 488 400 549 ἀλλ’
418 490 501 555 αύτὸς
520 492 576 573 ἐγώ
597 491 740 569 ἐμεωυτόν,
754 493 844 555 δεινόν
858 520 888 556 τι

86 575 251 654 ποιεύμενος
269 576 438 655 Ἀσσυρίους
455 579 591 657 Πέρσησι
610 580 794 661 καταγελάν.”
827 580 844 642 ὅ
863 582 888 644 δ’

87 664 234 743 άμείβετο·
254 661 301 725 “5
314 664 504 745 σχετλιώτατε
516 665 631 745 ἀνδρῶν,
641 668 711 749 lm·
723 671 763 747 τῷ
775 670 888 749 αἶσχίσ·

86 779 126 833 τηι
144 752 250 831 οὕνομα
261 753 295 814 τά
309 753 466 814 κάλλιπον
479 754 550 825 ἔθευ,
564 756 621 831 φάς
634 755 681 815 διαὶ
692 756 757 821 τούς
772 754 886 836 πολιορ-

55 849 60 859 ’
87 842 234 918 κευμένους
257 840 381 903 σεωυτδν
406 840 564 918 ἀνηκέστως
587 843 730 904 διαθεῖναι·
755 846 786 905 τί
809 844 842 915 δ’,
865 844 888 905 ά

86 927 197 1006 μάταιε,
209 929 412 1006 λελωβημένου
424 932 477 989 σεῦ
490 931 603 991 θᾶσσον
615 932 644 991 οἱ
655 932 787 1009 πολέμιοι
799 958 887 1011 παρα-

86 1016 262 1095 στήσονταις
283 1022 337 1082 κῶς
352 1018 403 1079 οὒκ
421 1018 583 1089 ἐξέπλωσας
596 1024 652 1080 τῶν
668 1025 785 1098 φρενῶν,
802 1047 886 1082 σεωυ-

84 1104 137 1167 τδν
156 1106 319 1185 διαφθείρας
328 1104 352 1177 ;”
372 1106 388 1167 ὁ
402 1106 432 1167 δὲ
445 1106 514 1167 εἶπε·
534 1116 554 1145 “
563 1112 588 1168 εἰ
599 1108 652 1185 μέν
663 1131 708 1168 τοι
725 1107 888 1187 ύπερετίθεα

85 1192 124 1254 τοὶ
138 1194 258 1279 ἔμελλον
270 1195 408 1271 ποιήσειν,
422 1194 473 1255 ούκ
485 1192 520 1255 ἅν
532 1220 570 1273 με
581 1195 725 1273 περιεῖδες·
745 1201 795 1257 νῦν
807 1196 831 1257 δ
844 1195 888 1257 ἐπ’

86 1285 226 1358 ἐμεωυτοῦ
244 1282 406 1361 βαλόμενος
426 1282 545 1361 ἔπρηξα·
570 1282 625 1360 ήδη
646 1281 692 1353 ὧν,
713 1281 749 1359 ήν
769 1283 810 1361 μή
832 1288 889 1346 τῶν
916 1318 919 1324 ·

85 1373 148 1429 σῶν
167 1370 264 1451 δεήσῃ,
284 1372 413 1449 αἱρέομεν
432 1372 603 1447 Βαβυλῶνα·
624 1369 679 1452 ἐγφ
697 1373 751 1448 μέν
770 1370 835 1452 γάρ,
851 1370 888 1436 οἷς

85 1457 150 1537 ἔχω,
158 1458 346 1537 αὐτομολήσω
359 1464 387 1523 ἐς
399 1459 432 1519 τδ
444 1462 546 1539 τεῖχος,
554 1458 601 1518 καὶ
613 1459 699 1536 φήσω
711 1457 889 1537 πρδςαύτούς

85 1544 124 1609 ὥς
135 1546 191 1608 ν’πδ
203 1552 257 1608 σεῦ
268 1546 334 1608 τάδε
346 1546 484 1608 πέπονθα.
518 1547 566 1607 καὶ
583 1548 669 1607 δοκέω
681 1548 782 1611 πείσας
794 1547 888 1623 σφέας

84 1637 176 1695 ταῦτα
195 1637 268 1717 ἐχειν
284 1634 355 1696 οὕτω
371 1634 520 1706 τεύξεσθαι
534 1639 679 1714 στρατιῆς·
698 1660 737 1695 συ
728 1634 841 1696 δέ”
792 1662 834 1695 απ
852 1632 887 1712 ἧς

84 1746 122 1784 αν
136 1722 241 1804 ἡμέρης
256 1723 311 1836 ἐχω
327 1724 436 1786 ἐσέλθω
455 1723 532 1789 ἐς
498 1751 533 1786 το
552 1728 654 1806 τεῖχος,
667 1722 724 1785 άπδ
741 1724 844 1798 ταύτης
858 1729 887 1788 ἐς

84 1810 237 1889 δεκάτην
217 1814 332 1891 ημέρην,
345 1839 397 1889 της
416 1817 539 1874 σεωυτοῦ
559 1817 694 1891 στρατιῆς
709 1818 760 1889 τῆς
772 1812 886 1890 οὐδεμία

83 1899 168 1960 ἔσται
185 1898 243 1978 ὤρη
261 1901 467 1978 ἀπολλυμένης,
480 1900 582 1978 ταύτης
594 1902 704 1980 χιλίους
715 1900 800 1970 τάξον
813 1899 885 1961 κατά

81 1985 138 2052 τάς
156 1987 327 2067 Σεμιράμιος
347 1989 518 2065 καλεομένας
537 1989 640 2051 πύλας·
659 2013 732 2066 μετα
722 1987 834 2048 δὲ’
799 2014 884 2059 αυτις,

82 2073 144 2136 οἷπδ
161 2081 213 2153 τῆς
232 2076 347 2154 δεκάτης
367 2082 395 2140 ἐς
415 2074 549 2153 ἑβδόμην,
562 2075 669 2139 ἄλλους
686 2099 736 2151 μοι
748 2074 833 2144 τάξον
846 2075 885 2134 δι-

82 2165 215 2250 σχιλίους
235 2165 306 2225 κατοὶ
325 2163 375 2228 τάς
394 2164 498 2224 Νινίων
514 2164 686 2240 καλεομένας
704 2160 805 2225 πύλας·
825 2161 882 2224 οἷτδ

82 2251 117 2312 δέ
128 2254 180 2328 τῆς
192 2251 315 2331 ἑβδόμης
332 2251 485 2312 διαλείπειν
499 2251 589 2311 εἴκοσι
603 2249 718 2328 ἡμέρας,
731 2250 778 2308 καὶ
791 2250 893 2314 ἔπειτα,

83 2338 194 2404 ι’ίλλους
213 2339 329 2402 κάτισον
343 2337 458 2422 άγαγών
471 2338 542 2400 κατοὶ
555 2337 608 2403 τάς
624 2337 775 2398 Χαλδαίων
787 2341 885 2397 καλεο-

83 2428 172 2504 μένας
191 2427 292 2498 τύλσς,
310 2426 563 2508 τετρακισχιλίους·
583 2425 704 2508 ἐχόντων
721 2426 752 2486 δέ
770 2424 843 2505 μήτε
857 2428 886 2487 οἶ

83 2513 218 2595 πρότεροι
236 2516 323 2594 μηδὲν
340 2518 397 2576 τῶν
416 2514 593 2592 ἀμυνούντων
609 2514 682 2594 μήτε
702 2511 787 2586 οὗτοι,
807 2514 884 2592 πλήν

84 2604 265 2685 ἐγχειριδίων·
283 2605 368 2664 τοῦτο
380 2603 410 2662 δέ
422 2603 470 2664 ἐάν
483 2605 567 2683 ἔχειν.
598 2603 670 2682 μετά
688 2605 719 2663 δέ
729 2603 782 2680 τήν
794 2606 884 2664 εἰκοσ-

82 2691 137 2768 τήν
151 2691 267 2770 ἡμέρην,
281 2691 358 2755 ἰθέως
375 2689 428 2767 τήν
439 2692 492 2769 μὲν
507 2689 600 2767 ἄλλην
612 2690 748 2769 στρατιήν
763 2689 885 2750 κελεύειν

83 2779 169 2857 πέριξ
186 2779 387 2857 προσβάλλειν
405 2778 477 2858 πρδς
492 2778 526 2840 εδ
541 2781 643 2858 τεῖχος,
656 2779 773 2855 Πέρσας
789 2777 822 2836 δέ
834 2802 885 2854 μοι

82 2865 170 2937 τάξον
189 2866 261 2928 κατά
278 2891 311 2928 τε
329 2865 381 2930 τάς
399 2865 523 2942 Βηλδας
543 2865 712 2942 καλεομένας
730 2863 823 2927 πύλας
838 2863 886 2924 καὶ

83 2955 222 3021 Κισσίας·
241 2954 278 3020 ιύς
289 2953 346 3037 γάρ
359 2953 414 3035 ἐγώ
425 2953 520 3024 δοκέω,
533 2955 598 3030 έμέο
610 2952 723 3034 μεγάλα
735 2952 803 3033 ἔργα
815 2949 884 3012 άπο·

82 3042 242 3119 δεξαμένου,
254 3042 293 3105 τά
307 3067 340 3104 τε
356 3041 436 3102 ἅλλα
449 3040 649 3120 ἐπιτράψονται
663 3042 727 3117 ἐμοὶ
746 3038 883 3115 Βαβυλιύ-

81 3154 139 3191 νιοι
158 3132 206 3190 καὶ
224 3131 260 3208 δή
273 3131 321 3191 καὶ
332 3132 388 3190 τῶν
400 3128 510 3189 πυλέων
522 3127 574 3192 τάς
586 3127 779 3208 βαλανάγρας.
811 3125 845 3186 τδ
859 3124 884 3184 δ

81 3218 218 3288 ἐνθεῦτεν,
226 3219 327 3296 ἐμοίτε
337 3217 384 3276 καὶ
393 3216 527 3295 Πέρσησι
533 3215 655 3292 μελήσει
662 3214 697 3274 τά
707 3211 884 3273 δεῖποιέειν.”

123 3308 220 3364 Ταῦτα
235 3303 427 3380 ἐντειλάμενος
437 3301 483 3378 ἤϊε
499 3303 546 3362 ἐπὶ
562 3302 613 3365 τὰς
624 3301 723 3372 πύλας,
736 3306 863 3378 ε’πιστρε-
872 3299 931 3359 156

944 3412 977 3460 Α

998 3369 1037 3408 ¹
1056 3371 1060 3456 Ι
