2150 3500
176 107 223 154 168
474 105 661 158 ἯΡΟΔΟΤΟΫ
931 103 982 169 [Π.
1050 113 1051 118 ’

172 184 309 260 βασιλέα,
326 185 433 261 κλῆρον
448 183 514 244 ’ίσον
533 183 643 264 ἐκάστῳ
661 181 834 264 τετράγωνον
854 181 984 245 διδόντα·

172 271 220 330 καὶ
239 269 296 331 ἀπὸ
315 270 415 331 τούτου
433 270 485 335 τάς
503 271 662 348 προσόδους
681 269 870 347 ποιήσασθαι,
887 271 984 332 ἐπιτά-

172 358 259 430 ξαντα
284 356 436 436 ἀποφορήν
462 359 613 420 ἐπιτελέειν
637 357 696 420 κατ’
721 356 856 420 ἐνιαυτόν.
904 363 930 418 εἰ
954 360 985 420 δέ

171 471 246 509 τινος
257 449 308 507 τοῦ
322 445 428 523 κλήρου
443 445 460 506 ὁ
477 445 604 523 ποταμός
616 470 645 508 τι
663 445 825 523 παρέλοιτο,
841 446 937 507 ἐλθών
949 445 983 508 ἂν

172 533 243 611 πρός
258 511 343 594 αῦτδν
361 533 494 610 ἐσήμαινε
511 534 545 595 w*
562 534 757 615 γεγενημένον·
785 532 802 594 ό
821 533 852 592 δὲ
871 534 983 612 ἔπεμπε

171 620 236 685 τοῦς
249 622 485 699 ἐπισκεψομένους
497 621 545 680 καὶ
557 619 803 700 ἀναμετρήσοντας
817 619 880 700 ὅσιρ
894 621 982 684 ἐλάα·

172 734 231 769 σων
246 707 263 768 ἀ
279 711 370 786 χιῦρος
389 707 497 789 γέγονε,
511 707 581 774 ὅκως
599 712 650 770 τοῦ
670 711 774 770 λοιποῦ
794 708 868 768 καποῖ
891 707 982 790 λόγον

171 799 223 871 τῆς
247 793 417 876 τεταγμένης
443 794 592 872 ἀποφορῆς
616 796 718 857 τελέοι.
759 795 851 856 δοκέει
874 795 910 856 δέ
931 823 981 874 μοι

172 883 297 943 ἐνθεῦτεν
309 883 463 963 γεωμετρίη
477 883 631 961 εῦρεθεῖσα,
645 887 673 948 ἐς
684 881 738 960 τήν
750 882 883 944 Ἑλλάδα
898 889 980 946 ἐπαν-
1051 911 1052 918 ’

172 970 275 1031 ελθεῖν.
314 967 407 1029 πόλον
424 973 477 1046 μὲν
496 968 553 1053 γάρ
574 972 621 1031 καὶ
639 969 779 1052 γνώμονα,
794 971 842 1030 καὶ
857 970 897 1032 τά
913 971 983 1032 δυώ·

171 1056 237 1116 δεκα
256 1057 344 1137 μέρεα
360 1062 411 1134 τῆς
428 1057 542 1137 ῆμέρης,
558 1057 635 1136 παρὰ
657 1058 850 1134 Βαβυλωνίων
871 1059 980 1136 ἔμαθον

126 1146 183 1205 110
193 1143 377 1222 οἷἜλληνες.
411 1145 554 1210 Βασιλεῦς
566 1148 619 1225 μὲν
632 1145 666 1224 δή
681 1143 761 1210 οῦτος
772 1149 879 1224 μοῦνος
893 1147 978 1230 Αίγό-

171 1258 251 1296 ττιος
266 1233 414 1309 Αἰθιοπίης
428 1232 505 1310 ἦρξε.
546 1232 714 1312 μνημόσυνα
733 1233 764 1294 δὲ
785 1233 902 1295 ἐλίπετο
921 1238 978 1314 πρὸ
1051 1299 1052 1318 ἢ

170 1326 221 1382 τοῦ
233 1321 421 1400 Ἡφαιστείου
438 1319 603 1398 ἀνδριάντας
622 1322 753 1393 λιθίνους,
769 1320 819 1381 δύο
833 1324 889 1400 μὲν
901 1323 978 1401 τριή-
1051 1325 1052 1368 ί

172 1434 257 1470 κοντα
273 1408 394 1489 πήχεων,
413 1407 513 1470 ἑωυτόν
529 1434 561 1470 τε
581 1409 629 1469 καὶ
647 1408 700 1484 τήν
718 1412 845 1490 γυναῖκα,
864 1409 933 1474 τοῦς
947 1411 997 1471 δὲ’

170 1497 272 1561 παῖδας
298 1497 394 1562 ἐόντας
418 1497 565 1575 τέσσερας,
590 1497 680 1557 είκοσι
705 1496 817 1576 πήχεων
845 1497 976 1560 ἕκαστον.

170 1588 226 1645 τῶν
250 1583 284 1660 δή
310 1583 328 1644 ό
352 1584 425 1660 ἶρεῦς
449 1589 500 1645 τοῦ
520 1585 683 1662 Ἡφαίστου
708 1583 801 1665 χρόνῳ
825 1585 978 1662 μετέπειτα

170 1674 271 1751 πολλῷ
298 1674 418 1749 Δαρεῖον
436 1671 487 1732 τόν
506 1674 625 1751 Πέρσην
651 1671 683 1733 οὗ
709 1672 829 1754 περιεῖδε
853 1673 977 1736 γίστιίντο

171 1759 331 1837 ἔμπροσθεν
343 1754 500 1838 ἀνδριάντα,
519 1761 577 1837 φάς
597 1760 651 1822 “οῦ
670 1764 697 1821 οί
714 1763 889 1837 πεποιῆσθαι
909 1764 976 1845 ἔργα

172 1845 218 1907 οἶά
230 1872 283 1925 περ
297 1845 444 1925 Σεσώστρι
455 1852 494 1927 τῷ
506 1850 660 1930 Αἰγυπτίῳ.
681 1848 845 1927 Σέσωστριν
853 1852 908 1927 μέν
919 1852 975 1932 γάρ

171 1933 249 1993 ἅλλα
261 1959 293 1995 τε
306 1935 556 2014 καταστρέψασθαι
570 1937 649 1997 ἔθνεα
666 1935 716 1996 οῦκ
730 1936 846 1997 ἐλάσσω
860 1938 973 2008 ἐκείνου,

172 2022 219 2082 καὶ
245 2022 279 2098 δή
307 2024 354 2083 καὶ
380 2022 498 2087 Σκύθας·
541 2026 660 2101 Δαρεῖον
687 2024 716 2084 δὲ
743 2023 775 2084 οῦ
802 2024 975 2102 δυνασθῆναι
1052 2098 1053 2109 γ

172 2108 281 2175 Σκύθας
295 2114 377 2171 ἑλεῖν.
398 2110 485 2173 οῦκων
498 2111 604 2171 δίκαιον
618 2111 688 2172 εἶναι
705 2110 817 2173 ἱστάναι
830 2114 974 2189 ἔμπροσθε

171 2202 226 2259 τῶν
247 2200 350 2259 ἐκείνου
370 2196 562 2276 ἀναθημάτων,
581 2198 624 2276 μῆ
648 2197 698 2259 οῦκ
719 2197 974 2277 ῦπερβαλλόμενον

171 2289 249 2345 τοῖσι
275 2284 408 2368 έργοισι.”
449 2290 569 2363 Δαρεῖον
597 2287 651 2363 μέν
680 2312 729 2349 νυν
756 2286 878 2367 λέγουσι
902 2287 973 2367 πρός

171 2377 260 2433 ταῦτα
273 2371 441 2453 συγγνώμην
453 2373 640 2450 ποιήσασθαι·

126 2460 181 2519 lll
212 2458 389 2535 Σεσώστριος
404 2459 434 2518 δὲ
450 2460 680 2536 τελευτήσαντος,
696 2459 861 2532 ἐκδέξασθαι
875 2464 972 2545 ἔλεγον

172 2542 224 2621 τήν
239 2544 396 2621 βασιληίην
412 2546 463 2607 τόν
480 2548 568 2607 παῖδα
583 2548 668 2609 αὐτοῦ
684 2554 788 2627 Φερῶν·
808 2550 858 2611 τάν
872 2550 969 2611 ἀποδέ-

173 2632 277 2702 ξασθαι
296 2633 348 2708 μὲν
371 2630 502 2710 οὐδεμίαν
528 2636 691 2713 στρατηίην,
711 2639 923 2718 συνενειχθῆναι
942 2640 970 2699 δέ

172 2722 200 2780 οἶ
211 2718 323 2797 τυφλθν
338 2720 471 2801 γενέσθαι
486 2720 532 2783 διά
551 2722 657 2784 τοιόνδε
674 2728 802 2805 πρῆγμα·
822 2728 873 2785 τοῦ
886 2751 969 2787 ποτα-

171 2812 227 2885 μοῦ
245 2805 428 2873 κατελθόντος
448 2810 572 2892 μέγιστα
590 2810 624 2887 δή
643 2810 708 2872 τότε
728 2810 771 2871 ἐπ’
788 2810 970 2873 ἀκτωκαιδεκα

172 2895 288 2974 πήχεας,
318 2895 354 2960 οἷς
385 2895 555 2974 ῦπερέβαλε.
577 2896 627 2959 τάς
656 2896 783 2975 ἀρούρας,
815 2899 970 2977 πνεύματος

173 2981 352 3057 ἐμπεσόντος,
377 2985 510 3059 κυματίης
530 2983 547 3043 ὁ
568 2983 694 3059 ποταμδς
715 2986 832 3064 ἐγένετο·
865 2986 917 3047 τόν
941 2988 969 3047 δέ

172 3068 299 3142 βασιλέα
323 3069 443 3149 λέγουσι
467 3072 567 3129 τοῦτον
596 3067 757 3149 ἀτασθαλίῃ
782 3071 968 3150 χρησάμενον,

138 3188 143 3199 1
171 3153 303 3229 λαβόντα
325 3155 430 3234 αἰχμήν
452 3154 568 3231 βαλέειν
582 3158 620 3217 ’ἐς
641 3157 733 3231 μέσας
751 3157 802 3221 τάς
824 3159 903 3223 δίνας
920 3163 969 3221 τοῦ

171 3244 309 3307 ποταμοῦ·
350 3240 422 3318 μετὰ
447 3240 486 3310 δέ,
511 3237 610 3300 αῦτίκα
640 3241 766 3320 καμόντα
796 3242 882 3306 αὐτόν
903 3253 965 3312 τούς
