2150 3500
105 126 233 193 ιιι-ιιι]
446 127 582 179 enm
856 126 906 177 ιιι

103 210 227 317 χρῶμα·
239 207 370 285 τοιαύτην
391 206 421 267 δὲ
442 209 488 267 καὶ
509 204 643 271 Αἰθίοπες
656 206 792 269 Ιἀπίενται
810 206 907 318 θορήν.

105 316 184 352 ουτοι
193 294 245 370 μέν
253 296 309 400 τφν
318 292 435 353 Ἰνδῶν
422 294 562 371 εκαστέρω
571 298 628 353 τῶν
635 295 804 371 Περσέων
777 295 907 367 οικέουσι,

106 378 154 438 καὶ
138 380 236 488 πρφς
248 378 331 441 νότου
344 377 456 458 οἷνέμου·
478 407 524 440 και
514 381 658 459 Δαρείου
670 380 812 458 βασιλέος
826 380 907 444 ούδα·

104 466 148 544 μοὶ
160 466 333 542 ύπύκουσαν.

142 550 248 614 Αλλοι
261 555 341 614 δὲ
301 553 458 616 τωνἸνδῶν
470 518 652 636 Κασπατύρῳ
665 582 696 617 τε
710 556 780 617 πάλι
793 556 839 615 καὶ
851 582 887 636 τη
872 557 955 617 102

105 646 253 721 Πακτυϊκῇ
265 642 343 723 χάρη
356 642 413 703 εἰσὶ
430 642 594 721 πρόσουροι,
607 645 677 722 πρὸς
697 644 799 723 ἄρκτου
816 670 848 705 τε
861 644 908 704 καὶ

104 730 199 807 βορέω
224 729 328 808 άνέμου
348 732 543 808 κατοικημένοι
560 734 617 793 τῶν
636 730 732 792 ἄλλων
750 732 853 816 Ἰνδῷν,
880 730 908 793 οἳ

105 818 271 895 Βακτρίοισι
283 819 486 897 παραπλησίην
499 820 597 898 έχουσι
613 820 729 880 δίαιταν.
771 817 849 880 οὗτοι
860 820 908 878 καὶ

104 904 303 984 μαχιμώτατοί
325 909 383 966 εἶσι
406 905 508 980 Ἰνδῶν,
534 906 581 965 καὶ
604 910 632 966 οἱ
657 908 704 966 ἐπὶ
729 908 780 967 τᾶν
799 906 908 987 χρυσδν

105 992 293 1069 στελλόμενοι
320 995 376 1053 εἶσὶ
409 990 496 1053 οὗτοι.
538 993 609 1053 κατά
641 994 697 1076 γάρ
730 995 816 1055 τοῦτό
844 1001 908 1056 ἐστι

105 1081 206 1157 ἐρημίη
219 1079 265 1140 διά
278 1080 331 1158 τὴν
346 1079 472 1160 ψάμμον·
493 1084 523 1141 ἓν
536 1079 575 1157 »δῆ
594 1080 632 1142 ὧν
645 1086 682 1160 τῇ
703 1084 803 1162 ἐρημίη
818 1082 907 1162 ταύτῃ

106 1168 154 1227 καὶ
168 1171 205 1247 τῇ
222 1168 328 1249 ψάμμῳ
346 1170 472 1251 γίνονται
491 1168 633 1246 μύρμηκες
651 1169 777 1251 μεγάθεα
796 1170 906 1249 ἔχοντες

106 1259 193 1317 κυνῶν
204 1258 257 1332 μὲν
271 1256 417 1317 ε’λάσσονα
429 1254 594 1315 άλωπέκεων
606 1257 636 1315 δὲ
649 1258 762 1333 μέζονα·
783 1260 839 1317 εἰσὶ
850 1258 907 1339 γάρ

105 1341 197 1403 αὐτῶν
222 1344 268 1403 καὶ
290 1344 367 1423 παρά
389 1344 513 1419 βασιλέϊ
535 1348 591 1403 τῶν
616 1345 759 1422 Περσέων,
784 1346 908 1406 ἐνθεῦτεν

106 1430 292 1507 θηρευθέντες.
333 1430 410 1492 οὗτοι
443 1430 481 1492 ὧν
513 1434 541 1491 οἱ
572 1431 715 1509 μύρμηκες
747 1433 908 1510 ποιεύμενοι

105 1517 217 1593 οἴκησιν
229 1518 284 1579 ύπδ
296 1522 359 1601 γῆν,
373 1518 563 1596 ἀναφορέουσι
576 1519 629 1595 την
644 1520 770 1631 ψάμμον,
784 1520 907 1598 κατάπερ

106 1608 161 1665 οἷ’
148 1632 177 1665 εν
189 1610 267 1668 τοῖσι
274 1606 454 1683 Ελλησι’
414 1632 565 1715 μυρμηκες,
576 1608 623 1667 καὶ
634 1634 684 1668 τον
696 1608 782 1669 ούτδν
793 1608 907 1686 τρόπον·

106 1693 163 1754 εἶσὶ
176 1693 265 1754 δε
219 1720 265 1755 και
282 1720 317 1756 το
307 1693 440 1760 εἶδος
423 1694 586 1772 ομοιότατοι
602 1693 689 1756 οὗτοι·
708 1722 728 1773 η
719 1695 777 1756 δὲ
792 1695 909 1776 ψάμμος

104 1781 368 1860 ἡάναφερομέιοη’
355 1783 417 1844 εστὶ
436 1787 575 1862 χρυσῖτις.
616 1788 662 1844 ἔτι
652 1784 716 1861 δη
736 1785 841 1862 ταύτην
855 1785 908 1861 τὴν
948 1811 951 1813 ’

105 1869 223 1948 ψάμμον
238 1872 408 1932 στέλλονται
429 1876 457 1934 ές
473 1870 525 1947 τήν
541 1875 646 1950 ε’ρῆμον
661 1875 688 1932 οἱ
704 1873 796 1944 Ἰνδοὶ,
814 1872 909 1944 ζευξά-

105 1981 190 2034 μενος
218 1958 336 2022 έκαστος
368 1957 512 2036 καμήλους
541 1963 624 2036 τρεῖς,
656 1959 828 2038 σειρηφόρον
856 1963 910 2037 μὲν

106 2046 274 2123 ἑκατέρωθεν
291 2047 392 2123 ἔρσενα
409 2046 567 2124 παρέλκειν,
588 2045 694 2122 θήλεαν
714 2047 744 2105 δὲ
762 2052 789 2108 ἐς
808 2047 909 2124 μέσον·

106 2132 154 2192 ε’πὶ
174 2134 277 2210 ταύτην
298 2133 332 2209 δή
354 2131 437 2197 αύτός
459 2132 615 2208 ἀναβαίνει,
638 2132 819 2208 ἐπιτηδεύσας
839 2133 910 2200 ὅκως

105 2220 165 2284 dvo*
177 2223 279 2282 τέκνων
296 2220 332 2284 ὥς
349 2219 491 2282 νεωτάτων
508 2219 683 2286 ἀποσπάσας
701 2219 792 2298 ζεύξῃ·
812 2223 842 2279 αἱ
853 2222 909 2301 γάρ

106 2315 165 2385 σφι
177 2309 301 2386 κάμηλοι
321 2308 412 2370 ἵππων
430 2307 481 2368 ούκ
498 2307 621 2385 ἥσσονες
638 2314 667 2372 ές
682 2307 826 2387 παχύτητά
843 2314 908 2370 εἶσι·

105 2396 192 2478 χωρὶς
209 2399 246 2471 δὲ,
266 2397 356 2478 άχθεα
373 2395 556 2472 δυνατώτεραι
570 2396 682 2457 πολλάν
703 2397 809 2474 φέρειν.
848 2397 889 2458 Τά
899 2401 957 2461 103

104 2488 159 2564 μὲν
179 2485 214 2561 δή
236 2485 307 2550 εἶδος
327 2484 422 2546 ὁκοῖόν
440 2510 468 2545 τι
488 2487 546 2564 ἔχει
565 2485 585 2562 ἦ
606 2485 739 2563 κάμηλος,
760 2489 909 2564 ἐπισταμέ-

105 2599 182 2636 νοισι
200 2577 279 2634 τοῖσι
294 2573 423 2650 Ἕλλησι
441 2571 474 2632 ού
495 2572 662 2654 συγγράφω·
682 2573 716 2634 τδ
740 2574 770 2634 δὲ
789 2574 830 2652 μή
851 2581 908 2636 ε’πι-

106 2663 224 2722 στέαται
249 2661 342 2738 αύτῆς,
368 2663 454 2722 τοῦτο
480 2659 592 2738 φράσω·
627 2659 753 2740 κάμηλος
779 2667 809 2723 ἓν
832 2669 910 2724 τοῖσι

106 2749 266 2811 ὀπισθίοισι
279 2750 399 2810 σκέλεσι
417 2748 475 2828 ἔχει
491 2749 632 2826 τέσσερας
648 2749 761 2827 μηρούς,
780 2751 827 2810 καὶ
843 2750 909 2831 γού-

106 2862 178 2898 νατα
196 2838 329 2916 τέσσερα·
349 2837 387 2898 τά
404 2837 434 2896 δὲ
451 2837 543 2897 αἰδοῖα
558 2835 604 2895 διά
620 2840 675 2896 τῶν
687 2834 825 2896 ὀπισθίων
845 2863 908 2896 σκε-

106 2925 180 2985 λέων
192 2925 263 3003 πρὸς
274 2926 326 3001 την
339 2925 425 3004 ούρην
438 2923 624 3004 τετραμμένα.
665 2926 703 2983 Οί
718 2924 748 2983 δὲ
760 2923 795 2999 δὴ
807 2922 890 2983 Ἰνδοὶ
900 2927 957 2984 104

106 3011 202 3092 τρόπῳ
217 3013 333 3092 τοιούτῳ
350 3014 396 3073 καὶ
413 3012 500 3086 ζεύξει
519 3011 635 3092 τοιαύτη
654 3010 814 3090 χρειίμενοι,
829 3010 910 3070 ε’λαύ·

106 3125 190 3162 νουσι
206 3100 253 3159 ε’πὶ
272 3100 322 3161 τᾶν
340 3102 455 3180 χρυσόν,
474 3101 684 3181 λελογισμένως
703 3098 773 3162 ὅκως
789 3096 824 3158 άν
844 3125 908 3159 κου·

106 3187 203 3268 μάτων
212 3192 268 3250 τῶν
278 3188 453 3266 θερμοτάτων
466 3188 566 3250 έύντων
575 3189 687 3249 ἔσονται
697 3192 726 3247 έν
734 3191 771 3266 τῇ
784 3186 909 3269 ἁρπαγῇ·

105 3275 165 3338 ύπδ
177 3275 233 3357 γάρ
245 3279 296 3338 τοῦ
306 3273 446 3354 καύματος
459 3278 486 3334 οἱ
497 3274 640 3352 μύρμηκες
652 3275 774 3351 άφανέες
784 3276 911 3353 γίνονται
