2150 3500
90 131 211 198 Διι-ιιη
430 132 593 184 αισιυιιιι.
854 133 900 182 131

99 211 171 271 κλέα
191 209 282 271 ε’όντα·
311 212 358 270 καὶ
374 211 509 272 δοκέουσι
534 212 565 271 δέ
585 236 634 289 μοι
658 209 735 272 οὗτοι
762 210 902 288 ὀρθότατα

98 297 244 376 Ἑλλήνων
270 299 374 360 ποιέειν
400 299 428 358 οἰ
453 299 515 369 διξὰ
541 297 696 376 Ἡράκλεια
724 299 902 376 ἱδρυσάμενοι

99 386 235 462 ἔκτηνται,
250 388 296 445 καὶ
311 390 351 465 τῷ
365 388 417 463 μὲν
431 386 466 450 ὦς
485 386 612 466 ἀθανάτῳ
624 387 773 466 Ὀλυμπίῳ
785 387 814 445 δὲ
833 393 900 446 ε’πω-

99 476 199 551 νυμίην
211 474 318 544 θύουσι,
332 479 371 553 τῷ
384 475 414 534 δὲ
427 475 508 553 ἑτέρῳ
519 475 555 538 ιός
567 475 635 552 ἥρωϊ
649 476 815 557 ἐναγίζουσι.
847 475 898 534 Λέ-
908 477 946 535 45

98 587 185 643 γουσι
197 563 227 621 δὲ
239 561 338 622 πολλοὶ
348 562 394 620 καὶ
407 561 485 622 ἄλλα
497 562 704 626 ἀνεπισκέπτως
718 561 899 638 οἰἝλληνες·

100 647 203 727 εύήθης
220 650 251 709 δὲ
263 649 354 711 αύτῶν
367 650 414 709 καὶ
429 650 476 710 ὅδε
492 650 509 710 ό
525 651 615 727 μῦθός
633 656 694 711 ε’στι
707 651 756 711 τόν
768 651 832 729 περὶ
848 653 900 711 τοῦ

98 735 256 814 Ἡρακλέος
263 739 391 820 λέγουσι·
406 737 441 802 οἷς
451 737 535 799 αύτδν
545 737 712 815 ἀπικόμενον
722 744 750 802 ἐς
758 741 900 819 Αἴγυπτον

99 826 254 902 στέψαντες
269 829 296 885 οἶ
312 825 469 907 Αἰγύπτιοι,
482 825 537 886 ὑπὸ
553 831 669 902 πομπῆς
686 827 786 907 ἐξῆγον
803 825 837 890 ὥς
854 824 899 886 θύ-

98 937 199 977 σοντες
213 917 253 992 τῷ
266 913 324 972 Διί·
344 913 395 974 τόν
408 914 439 974 δὲ
452 913 520 978 τέως
534 917 586 990 μὲν
599 914 721 994 ἡσυχίην
738 915 819 994 ἔχειν·
840 915 900 973 ε’πεὶ

99 1000 131 1060 δὲ
145 999 231 1061 αύτοῦ
243 1001 314 1078 πρός
330 1005 370 1080 τῷ
384 1003 473 1081 βωμῷ
487 1001 668 1082 κατάρχοντο,
682 1007 710 1066 ἐς
728 1001 818 1078 άλκήν
835 1027 900 1079 πριι·

98 1087 223 1165 πόμενον
235 1088 341 1153 πάντας
354 1090 447 1166 σφέας
460 1093 679 1166 καταφονεῦσαι.
711 1090 773 1166 ἐμοὶ
786 1091 839 1166 μέν
852 1116 900 1150 νυν

98 1176 237 1249 δοκέουσι,
250 1181 338 1239 ταῦτα
351 1179 488 1260 λέγοντες,
500 1182 552 1254 τῆς
566 1179 723 1258 Αἰγυπτίων
736 1177 840 1254 φύσιος
853 1178 900 1237 καὶ

97 1269 155 1326 τῶν
167 1265 259 1342 νόμων
271 1265 390 1344 πάμπαν
402 1265 521 1342 άπείρως
533 1267 607 1345 ἔχειν
620 1269 646 1325 οἱ
657 1266 805 1338 Ἕλληνες·
823 1269 901 1326 τοῖσι

99 1352 156 1434 γάρ
176 1352 239 1413 ούδέ
259 1353 359 1430 κτήνεα
380 1353 447 1428 ὁσίη
468 1353 543 1413 θύειν
564 1353 634 1424 ἐστὶ,
654 1353 739 1432 χωρὶς
760 1351 832 1423 ὀίων,
854 1354 900 1412 καὶ

100 1440 221 1519 ε’ρσένων
232 1443 311 1518 βοῶν
324 1442 371 1501 καὶ
382 1440 500 1521 μόσχων
513 1440 579 1501 ὅσοι
592 1439 626 1501 ἂν
639 1441 755 1518 καθαροὶ
770 1441 844 1511 ἔωσι,
855 1441 901 1500 καὶ

98 1533 201 1608 χηνῶν,
218 1533 271 1593 κῶς
287 1527 322 1589 ἂν
339 1528 417 1590 οὗτοι
434 1529 596 1606 ἀνθρώπους
614 1529 722 1600 θύοιεν;
744 1530 784 1589 ἔτι
802 1529 832 1588 δὲ
852 1529 900 1590 ἕνα

99 1616 182 1677 ε’όντα
198 1617 248 1678 τόν
263 1617 408 1696 Ἡρακλέα
423 1617 469 1676 καὶ
486 1618 526 1678 ἔτι
542 1616 695 1695 ἄνθρωπον,
710 1617 745 1682 ὦς
763 1615 798 1693 δή
817 1623 899 1694 φασι,

99 1708 156 1770 κῶς
169 1705 258 1782 φύσιν
270 1706 327 1786 ἔχει
339 1705 451 1769 πολλάς
461 1698 597 1784 μυριάδας
608 1710 762 1780 φονεῦσαι;
781 1706 826 1766 καὶ
836 1706 901 1785 περὶ

98 1797 153 1871 μὲν
165 1794 269 1855 τούτων
278 1788 404 1855 τοσαῦτα
417 1794 484 1870 ἡμῖν
494 1798 605 1855 εἰποῦσι
619 1796 665 1855 καὶ
677 1794 754 1874 παρά
767 1799 821 1855 τῶν
831 1796 901 1855 θεῶν

100 1882 148 1941 καὶ
160 1882 238 1959 πυρά
249 1887 304 1942 τῶν
316 1881 412 1959 ήριόων
425 1880 550 1958 εὐμένεια
564 1883 614 1959 εἴη.

142 1970 198 2034 Τάς
211 1971 241 2030 δὲ
254 1970 288 2047 δή
301 1971 383 2051 αἶγας
395 1969 442 2029 καὶ
454 1969 519 2033 τούς
530 1969 651 2052 τράγους
664 1970 749 2029 τῶνδε
764 1970 854 2031 εἵνεκα
867 1968 899 2029 ού
908 1970 948 2029 46

100 2057 202 2131 θύουσι
214 2060 373 2139 Αἰγυπτίων
385 2061 413 2117 οἶ
426 2058 574 2135 εἰρημένοι.
604 2057 654 2118 τόν
667 2061 751 2117 Πᾶνα
762 2062 817 2118 τῶν
830 2056 901 2117 ὀκτιό

99 2148 173 2208 θεῶν
192 2148 351 2229 λογίζονται
371 2145 441 2206 εἰναι
461 2148 489 2205 οἰ
507 2144 674 2221 Μενδήσιοι·
693 2143 759 2208 πούς
778 2143 809 2204 δὲ
828 2143 901 2206 α’κτῶ

101 2234 182 2299 θεούς
203 2234 317 2299 τούτους
339 2234 492 2313 προτέρους
513 2237 568 2293 τῶν
592 2232 715 2292 δυόδεκα
734 2232 804 2293 θεῶν
827 2239 901 2309 φασι

100 2324 243 2403 γενέσθαι.
270 2323 417 2405 γράφουσί
424 2347 456 2382 τε
465 2320 500 2397 δή
509 2322 555 2380 καὶ
564 2320 710 2403 γλύφουσι
721 2324 747 2380 οἱ
758 2320 901 2403 ζωγράφοι

101 2412 149 2470 καὶ
162 2416 189 2472 οἱ
202 2410 427 2493 ἀγαλματοποιοὶ
441 2412 493 2470 τοῦ
509 2408 606 2473 Πανός
617 2408 763 2489 τῶγαλμα,
778 2409 901 2488 κατάπερ

96 2500 245 2577 Ἕλληνες,
268 2499 485 2581 αἰγοπρόσωπον
511 2499 559 2558 καὶ
584 2500 786 2580 τραγοσκελέα·
815 2498 847 2559 ού
872 2526 901 2559 τι
921 2576 923 2581 Ι

99 2593 229 2649 τοιοῦτον
240 2590 397 2665 νομίζοντες
411 2587 483 2647 εἶναί
497 2613 555 2665 μιν,
569 2586 634 2647 ἀλλ’
649 2587 747 2665 όμοίον
761 2592 837 2649 τοῖσι
851 2586 901 2647 ἄλ·

101 2681 182 2736 λοισι
192 2677 292 2736 θεοῖσι·
306 2674 369 2737 ὅτευ
380 2676 410 2735 δὲ
420 2674 509 2735 εἵνεκα
516 2679 643 2736 τοιοῦτον
652 2674 797 2755 γράφουσι
807 2675 899 2747 αὐτόν,

100 2764 135 2824 ού
147 2789 198 2841 μοι
211 2762 290 2840 ἥδιόν
308 2769 370 2825 ε’στι
387 2764 490 2845 λέγειν·
511 2764 649 2840 σέβονται
667 2765 697 2823 δὲ
714 2764 820 2827 πάντας
836 2764 901 2827 τούς

101 2852 184 2934 αἶγας
203 2855 231 2911 οἱ
251 2850 415 2927 Μενδήσιοι,
431 2852 478 2911 καὶ
497 2855 611 2928 μᾶλλον
630 2850 694 2913 τούς
715 2851 828 2926 ἔρσενας
845 2854 902 2910 τῶν

101 2941 220 3016 θηλέων·
234 2939 281 2999 καὶ
292 2938 396 3000 τούτων
406 2942 433 2998 οἱ
445 2938 560 2999 αἰπόλοι
572 2937 655 3015 τιμάς
667 2938 784 3013 μέζονας
796 2938 900 3017 έχουσι,

101 3032 133 3087 ἐκ
147 3028 177 3087 δὲ
189 3026 294 3087 τούτων
307 3026 346 3089 εἶς
357 3026 493 3103 μάλιστα,
505 3025 583 3089 ὅστις
597 3025 680 3085 ἐπεάν
689 3023 828 3102 ρῖποθάνῃ,
839 3026 901 3085 πέν·

101 3116 152 3179 θος
163 3116 238 3196 μέγα
250 3114 334 3175 παντὶ
347 3119 385 3193 τῷ
398 3115 548 3194 Μενδησίῳ
556 3117 631 3191 νομῷ
640 3114 754 3173 τίθεται·
775 3112 903 3171 καλέεται

101 3202 133 3262 δὲ
146 3203 162 3263 ὅ
175 3229 207 3262 τε
224 3201 326 3282 τράγος
341 3203 388 3259 καὶ
404 3200 420 3261 ό
440 3201 506 3259 Πάν
520 3200 690 3279 Αἰγυπτιστὶ
706 3199 825 3274 Μένδης·
847 3200 904 3280 ε’γέ-

101 3314 166 3351 νετο
181 3288 205 3349 δ’
223 3294 252 3349 ἐν
266 3292 305 3368 τῷ
320 3291 396 3367 νομῷ
411 3286 499 3367 τούτῳ
519 3285 561 3346 ἔπ’
578 3292 645 3363 ε’μεῦ
665 3289 748 3346 τοῦτο
763 3284 796 3345 τό
812 3286 903 3363 τέρας·
