2150 3500
155 110 184 156 16
446 108 630 158 Ἦνοιοτου
917 107 960 171 [1.

152 183 277 264 εὗτυχέα.
310 186 346 246 τά
357 184 448 246 πάντα
460 187 512 263 μέν
520 212 569 248 νυν
577 189 666 248 ταῦτα
678 189 839 266 συλλαβεῖν
848 186 962 266 ἅνθρω-

152 298 206 332 πον
219 272 299 333 ἐόντα
311 271 444 333 ἀδύνατόν
456 279 525 344 ἐστι,
536 272 631 352 ὅσπερ
643 273 720 353 χάρη
730 273 844 352 οὐδεμία
853 289 961 354 κατάρ-

153 360 209 418 κέει
227 358 319 419 πάντα
336 363 423 438 ἐωυτή
441 360 613 440 παρέχουσα,
634 360 712 420 άλλά
729 360 805 422 άλλο
823 363 876 438 μὲν
895 363 962 442 ἔχει

153 447 246 524 ἐτέρου
259 446 289 505 δὲ
305 446 448 506 ἐπιδέεται·
468 446 488 522 ἢ
501 447 531 507 δὲ
546 445 581 508 ἂν
592 447 629 508 τά
642 450 766 508 πλεῖστα
778 449 836 528 ἔχη,
850 448 961 528 άρίστη

152 532 232 609 αὕτη·
253 533 289 596 ὃς
303 534 333 593 δέ
350 534 395 592 καὶ
413 532 559 611 άνθράπου
576 538 659 612 σῶμα
677 535 707 596 ἐν
724 534 803 596 οὐδὲν
820 533 962 614 αὔταρκές

154 624 225 679 ἐστι·
244 619 278 680 τά
291 620 410 702 μὲνγὰρ
423 621 488 700 ἔχει,
501 619 593 682 όλλου
606 623 636 682 δὲ
648 622 735 687 ἐνδεές
748 627 818 683 ἐστι·
838 622 905 688 δς.δ’
918 622 961 686 ἂν

153 706 241 768 αὐτῶν
257 711 381 768 πλεῖστα
393 709 463 786 ἔχων
478 706 614 788 διατελέῃ,
628 710 675 768 καὶ
687 710 781 769 ἔπειτα
797 711 961 792 τελευτήσῃ

154 794 322 874 εὐχαρίστως
331 794 381 856 τδν
389 796 463 873 βίον,
473 792 554 859 οὗτος
562 795 627 873 παρ’
635 797 698 872 ἐμοὶ
706 796 739 857 τδ
748 794 852 874 οὕνομα
860 802 959 870 τοῦτο,

154 880 320 958 ὦβασιλεῦ,
333 881 437 946 δίκαιός
451 887 514 941 ἐστι
526 883 673 960 φέρεσθαι.
705 884 837 944 σκοπέειν
851 884 881 944 δέ
896 885 959 965 χρὴ
1023 895 1030 908 ’

152 969 256 1032 παντός
266 967 410 1048 χρήματος
421 968 472 1045 τήν
483 969 616 1045 τελευτήν
628 974 664 1046 κῆ
677 969 864 1047 οἶτοβήσεται·
881 978 959 1033 πολ-

154 1059 234 1116 λοῖσι
255 1057 310 1137 γάρ
334 1055 368 1132 δή
390 1055 524 1126 ὖποδέξας
546 1055 639 1134 ὄλβον
659 1057 677 1117 ὅ
699 1057 770 1128 θεός,
791 1061 960 1136 προρρίζους

107 1146 145 1204 33
154 1142 310 1222 ιῖνέτρεψε.”
350 1147 444 1203 Ταῦτα
463 1144 554 1225 λέγων
572 1149 611 1222 τῳ
631 1146 746 1224 Κροίσῳ
766 1143 798 1204 οὔ
819 1172 871 1209 κως
890 1145 959 1207 οὔτε

154 1232 302 1310 ἐχαρίζετο,
316 1228 380 1290 οὔτε
394 1230 482 1312 λόγου
494 1256 543 1307 μιν
558 1230 746 1308 ποιησάμενος
761 1230 870 1296 οὖδενδς
884 1231 958 1293 άπο-

155 1319 300 1395 πέμπεται,
315 1317 402 1395 κάρα
415 1317 496 1387 δόξας
511 1317 621 1395 ἀμαθέα
634 1318 711 1388 εἶναι,
724 1317 756 1382 ὃς
767 1318 803 1392 τοὶ
815 1319 958 1397 παρεόντα

155 1404 248 1487 ἀγαθά
265 1406 358 1482 μετεὶς
376 1405 434 1482 τὴν,
447 1404 580 1481 τελευτήν
598 1405 702 1469 παντός
722 1404 867 1486 χρήματος
885 1405 957 1486 ὁρᾶν

155 1493 274 1552 ἐκέλευε.

107 1580 146 1638 34
196 1579 278 1640 Μετοὶ
291 1579 321 1640 δὲ
334 1579 449 1646 Σόλωνα
459 1579 612 1660 οἰχόμενον,
623 1581 713 1658 ἔλαβε
725 1586 755 1642 ἐκ
768 1582 833 1643 θεοῦ
842 1583 955 1658 νέμεσις

152 1666 264 1748 μεγάλη
284 1672 419 1744 Κροῖσον·
441 1667 490 1748 (ὦς
512 1668 630 1740 εἰκάσαι,
652 1668 697 1729 ὅτι
719 1669 831 1746 ἐνόμισε
854 1668 956 1730 ἐωυτδν

154 1755 224 1815 εἶναι
239 1753 389 1833 άνθριίπων
404 1755 531 1817 ἁπάντων
546 1756 745 1839 ὀλβιώτατον)
764 1756 864 1817 αότίκα
878 1757 910 1818 δέ
926 1760 955 1817 οἱ

155 1841 259 1903 εὕδοντι
270 1843 374 1919 ἐπέστη
385 1842 495 1921 ὄνειρος,
506 1842 537 1907 ὅς
547 1847 574 1903 οἱ
583 1843 635 1920 τήν
643 1844 782 1920 άληθηΐην
792 1845 888 1922 ἔφαινε
898 1848 954 1904 τῶν

152 1930 314 2008 μελλόντων
326 1932 458 2012 γενέσθαι
471 1935 561 1992 κακῶν
572 1931 643 1991 κατὰ
653 1931 704 1992 τδν
715 1931 810 1990 παῖδα.
839 1930 915 2007 ἦσαν
923 1931 953 1992 δέ

152 2022 192 2095 τῷ
209 2019 323 2097 Κροίσῳ
341 2016 389 2077 δόο
407 2019 510 2089 παῖδες,
523 2022 579 2079 τῶν
596 2017 707 2095 οὕτερος
723 2020 780 2094 μὲν
792 2017 951 2097 διέφθαρτο,

154 2103 202 2185 (ἦν
211 2105 267 2186 γάρ
280 2104 314 2180 δή
328 2105 440 2187 κωφός)
453 2105 469 2166 ὁ
482 2106 512 2165 δέ
525 2107 616 2184 ἔτερος
627 2110 683 2167 τῶν
695 2104 800 2181 ήλίκων
811 2110 908 2184 μακρῷ
917 2105 954 2166 τά

153 2192 244 2253 πάντα
256 2197 372 2271 πρῶτος·
393 2194 498 2271 οὔνομα
511 2193 543 2253 δέ
557 2198 585 2255 οἱ
595 2193 632 2269 ἦν
641 2192 737 2257 Ἀτυς·
755 2196 855 2254 τοῦτον
870 2193 904 2269 δή
917 2192 954 2254 ὧν

153 2278 203 2340 τδν
213 2279 301 2341 Ἀτυν
314 2282 444 2357 σημαίνει
458 2285 497 2359 τῷ
510 2282 625 2361 Κροίσῳ
637 2280 654 2341 ὁ
667 2280 778 2358 ὄνειρος,
794 2279 829 2343 οἷς
841 2278 954 2340 άπολέει

154 2391 203 2443 μιν
218 2372 308 2447 αἰχμῇ
320 2368 436 2446 σιδηρέῃ
451 2368 606 2443 βληθέντα·
626 2367 687 2427 ὅδὲ
703 2368 809 2428 ἐπείτε
825 2366 953 2448 ἐξεγέρθη

155 2452 201 2511 καὶ
222 2456 309 2532 ἑωυτῷ
328 2453 415 2535 λόγον
435 2454 524 2524 ἔδωκε,
544 2453 758 2532 καταρρωδήσας
773 2453 824 2515 τδν
840 2452 953 2531 ὄνειρον,

155 2538 252 2621 άγεται
264 2542 316 2617 μὲν
327 2545 366 2620 τῷ
377 2540 455 2600 παιδὶ
467 2544 593 2622 γυναῖκα·
615 2542 720 2603 ἐωθότα
732 2542 762 2602 δέ
774 2541 953 2622 στρατηγέειν

155 2651 204 2703 μιν
216 2630 271 2687 τῶν
288 2627 386 2688 λυδῶν
404 2627 511 2705 οὐδαμῆ
525 2630 566 2688 ἔτι
584 2629 630 2690 ἐπὶ
647 2632 758 2690 τοιοῦτο
769 2633 887 2709 πρῆγμα
899 2627 952 2697 ἐξέ·

154 2738 256 2790 πεμτε·
277 2713 389 2775 ἀκόντια
402 2715 432 2775 δὲ
447 2716 493 2775 καὶ
505 2716 620 2794 δοράτια
633 2718 679 2777 καὶ
690 2716 853 2777 τὰτοιαῦτα
863 2714 953 2775 πάντα

154 2804 230 2861 τοῖσι
238 2803 366 2881 χρέονται
375 2808 402 2867 ἐς
410 2801 536 2881 πόλεμον
545 2802 691 2882 ἅνθρωποι,
700 2806 793 2864 ἐκτῶν
800 2800 954 2879 άνδρειόνων

158 2890 307 2966 ἐκκομίσας
322 2894 350 2954 ἐς
363 2889 429 2955 τοδς
441 2889 585 2967 θαλάμους
600 2892 745 2967 συνένησε,
758 2888 800 2967 μή
814 2914 843 2950 τι
855 2890 883 2948 οἱ
895 2912 953 2967 κρε-

107 2976 146 3035 35
153 2974 278 3052 μάμσνον
289 2980 328 3056 τῷ
342 2977 421 3037 παιδὶ
438 2978 556 3056 ἐμπέσῃ.
592 2976 729 3056 ’Έχοντος
744 2976 777 3036 δέ
788 2978 816 3035 οἱ
828 2979 857 3035 ἐν
871 2974 953 3053 χερσὶ

153 3067 204 3123 τοῦ
217 3063 315 3127 παιδός
325 3063 376 3124 τόν
388 3063 486 3144 γάμον,
497 3062 655 3124 ἀπικνέεται
669 3070 696 3127 ἐς
708 3062 758 3126 τὰς
771 3061 872 3139 Σάρδις
884 3058 952 3137 ἆνθρ

154 3154 291 3229 συμφορῇ
305 3150 434 3228 ἐχόμενος
450 3150 496 3207 καὶ
511 3148 681 3232 ρῳῖκῳθαρδς
687 3152 791 3237 χέρας
806 3147 865 3221 ἐιδν,
879 3145 954 3224 Φρδξ

153 3237 206 3314 μὲν
224 3240 314 3317 γενεῇ,
334 3236 429 3316 γένεος
448 3234 478 3295 δὲ
499 3238 550 3296 τοῦ
571 3236 737 3313 βασιληίου·
757 3227 905 3314 παρέλθδν
923 3231 953 3292 δέ
