2150 3500
177 139 227 189 αις
483 133 664 183 Ἤνοιιουου
915 132 979 198 [m

176 218 274 277 αὐτίκα
287 214 303 276 6
317 215 480 292 Καμβύσης
492 214 582 295 ἀργὴν
593 213 784 290 ποιησάμενος
796 208 982 291 ἐστρατεύετο

176 306 221 365 ἐπὶ
235 304 299 366 τούς
314 304 457 373 Αἰθίοπας,
472 302 535 362 ούτε
555 300 735 379 παρασκευὴν
747 302 831 361 σίτου
853 301 983 379 οὐδεμίαν

176 392 367 473 παραγγειλας
394 390 456 450 οὔτε
486 391 574 471 λόγον
606 393 695 469 ἑωυτῷ
728 388 794 453 δούς
820 390 867 450 ὅτι
895 396 924 453 ἐς
948 395 982 452 τά

177 482 284 561 ἔσχατα
296 483 347 555 τῆς
358 483 412 559 γῆς
425 482 527 556 ἔμελλε
541 478 753 556 στρατεύεσθαι·
782 477 829 537 οἶα
849 479 881 537 δὲ
898 484 981 555 ἐμμα·

203 570 211 589 Ι
302 573 309 593 2

177 594 225 644 νης
244 594 276 628 τε
297 566 348 627 εάν
367 567 413 625 καὶ
431 565 463 625 οὐ
483 566 630 643 φρενήρης,
650 565 686 628 ἀς
699 564 784 641 ἤκουε
801 569 859 625 τῶν
877 565 982 645 Ἰχθυο-

178 655 284 736 φάγων,
307 653 489 731 ἐστρατεύετο
509 652 656 730 Ἑλλήνων
672 656 724 730 μὲν
743 653 809 716 τούς
828 652 983 731 παρεόντας

176 742 263 803 αὐτοῦ
281 742 368 820 ταύτη
386 742 471 811 τάξας
489 741 644 817 ἀπομένειν,
663 740 714 801 τάν
735 740 765 799 δέ
786 741 873 811 πεζόν
892 742 983 802 πάντα

138 866 140 871 -
176 830 234 906 ἅμα
250 829 396 911 ἀγόμενος·
419 831 481 889 ἐπεί
494 854 525 889 τε
542 829 572 887 δὲ
590 828 809 905 στρατευόμενος
826 830 940 909 ἐγένετο
955 836 984 890 ἐν

177 918 302 996 Θήβησι,
322 917 451 995 ἀπέκρινε
468 922 519 977 τοῦ
537 920 661 994 στρατοῦ
680 916 716 979 ὦς
732 917 815 976 πέντε
835 917 983 994 μυριάδας·

178 1007 224 1064 καὶ
235 1006 362 1066 τούτοισι
380 1009 432 1083 μὲν
446 1006 606 1065 ἐνετέλλετο
619 1004 792 1082 Ἀμμωνίους
812 1005 984 1083 ἐξανδραπο-

178 1094 342 1171 δισαμένους
358 1094 391 1153 τό
414 1092 587 1172 χρηστήριον
608 1092 642 1153 τό
664 1095 715 1152 τοῦ
736 1092 805 1155 Διὸς
827 1097 983 1170 ἐμπρῆσαι,

178 1180 261 1245 σύτδς
284 1182 313 1241 δὲ
339 1180 388 1242 τόν
411 1180 515 1241 λοιπόν
535 1178 610 1261 ἀγων
634 1171 762 1257 στρατόνΙ
777 1178 822 1255 ἤϊε
846 1180 896 1239 ἐπὶ
918 1182 985 1245 τούς

179 1272 324 1344 Αἰθίοπας·
345 1270 410 1347 πρὶν
429 1270 458 1328 δὲ
476 1273 526 1343 τῆς
548 1268 615 1328 όδοΰ
634 1267 668 1328 τό
689 1269 819 1343 πέμπτον
835 1269 923 1346 μέρος
945 1269 984 1329 δι-

178 1360 343 1434 εληλυθέναι
363 1356 414 1433 τὴν
432 1357 574 1435 στρατιὴν,
596 1355 699 1416 αύτίκσ
711 1355 803 1415 πάντα
825 1354 928 1421 αὐτούς
947 1355 985 1417 τά

178 1445 254 1524 εἶχον
267 1448 363 1506 σιτίων
376 1445 496 1522 ἐχόμενα
509 1445 698 1503 ἐπελελοίπεε·
715 1442 787 1520 μετά
801 1442 832 1502 δὲ
843 1442 881 1503 τά
894 1447 983 1515 σιτία,

178 1534 225 1591 καὶ
237 1533 273 1592 τσὶ
288 1531 424 1612 ὑποζύγια
441 1532 556 1590 ἐπέλιπε
574 1529 784 1608 κατεσθιόμενα·
822 1536 847 1591 εἰ
862 1533 917 1608 μέν
934 1559 985 1593 νυν

177 1618 274 1695 μαθών
289 1622 376 1678 ταῦτα
395 1617 412 1677 6
431 1618 594 1695 Καμβύσης
612 1617 809 1699 ἐγνωσιμάχεε,
825 1620 871 1677 καὶ
888 1619 985 1701 ἀπῆγε

177 1704 268 1765 ὀπίσω
281 1705 330 1768 τάν
344 1706 474 1784 στρατόν,
488 1708 536 1766 ’ἐπὶ
553 1710 590 1786 τῇ
608 1705 730 1785 ἀρχῆθεν
742 1708 880 1788 γενομένη
892 1707 984 1787 ἀμαρ-

177 1793 239 1853 τάδι
252 1793 286 1868 ἦν
300 1793 370 1871 ἀνὴρ
383 1793 484 1870 σοφός·
501 1799 550 1855 νῦν
563 1796 593 1855 δὲ
607 1794 704 1854 σύδένα
717 1795 805 1876 λόγον
817 1794 985 1873 ποιεύμενος

178 1880 221 1956 ἤϊε
234 1882 287 1940 αἰεὶ
303 1887 331 1945 ἐς
348 1882 381 1942 τδ
399 1882 507 1961 πρόσω·
528 1887 556 1942 οἱ
574 1883 604 1942 δὲ
624 1887 800 1960 στρατιῶται,
816 1884 866 1947 ἕως
884 1885 939 1961 μέν
955 1911 985 1945 τι

146 1987 158 2000 “
178 1969 255 2048 εἶχον
267 1975 297 2028 ἐκ
311 1974 360 2044 τῆς
378 1973 431 2052 γῆς
448 1971 606 2047 λαμβάνειν
622 1972 843 2050 ποιηφαγέοντες
860 1970 984 2042 διέζωον·

178 2059 238 2134 ἐπεὶ
253 2058 283 2117 δὲ
297 2063 324 2122 ἐς
337 2058 390 2135 τήν
403 2058 518 2137 ψάμμον
537 2057 679 2127 ἀπίκοντο,
694 2058 783 2118 δεινάν
797 2059 879 2139 ἔργον
892 2059 986 2120 αὐτῶν

143 2187 145 2192 -
178 2149 248 2208 τινὲς
261 2146 427 2227 ἐργάσαντο·
455 2152 485 2206 ἐκ
506 2144 687 2225 δεκάδσςγάρ
706 2147 754 2206 ἕνα
774 2148 872 2222 σφέων
892 2147 986 2208 αι’ντῶν

178 2233 429 2312 ἀποκληρώσαντες
454 2236 620 2314 κατέφαγον.
662 2234 818 2310 πυθόμενος
840 2234 870 2292 δὲ
893 2238 984 2294 ταῦτα

178 2320 194 2379 6
212 2323 380 2398 Καμβύσης,
400 2322 495 2384 δείσας
515 2321 567 2397 τὴν
584 2321 812 2402 ἀλληλοφαγίην,
831 2320 913 2384 ἀπεὶς
931 2324 985 2383 τάν

179 2406 220 2466 ἐπ’
234 2410 371 2473 Αἰθίοπας
391 2409 498 2469 στόλον
514 2409 605 2468 ὀπίσω
621 2408 778 2486 ἐπορεύετο·
805 2409 852 2467 καὶ
870 2409 985 2470 ἀπικνέ-

178 2521 236 2554 εται
255 2500 282 2556 ἐς
300 2495 400 2572 Θήβας
415 2496 542 2560 πολλούς
559 2496 704 2559 ἀπολέσας
718 2500 771 2556 τοῦ
788 2501 922 2573 στρατοῦ·
952 2504 984 2557 ἐκ

179 2583 295 2657 Θηβέων
322 2582 352 2640 δὲ
382 2583 509 2660 καταβάς
537 2590 564 2646 ἐς
593 2586 721 2660 Μέμφιν,
747 2584 813 2647 τούς
836 2583 985 2660 Ἕλληνας

178 2670 268 2745 ἀπῆκε
281 2669 439 2730 ἀποπλέειν.
483 2671 499 2730 6
512 2673 565 2748 μὲν
578 2672 620 2731 ἐπ’
637 2673 773 2734 Αἰθίοπας
791 2672 898 2735 στόλος
911 2672 985 2733 οὕτω

131 2761 168 2816 26
179 2759 267 2835 ἔπρηξ
282 2805 289 2818 .
332 2762 375 2818 Οἱ.
382 2758 405 2818 δ’
418 2759 508 2820 αὐτῶν
522 2759 564 2827 ἐπ’
582 2761 754 2838 Ἀμμωνίους
772 2759 986 2824 ἀποσταλέντες

179 2848 389 2923 στρατεύεσθαι,
415 2850 477 2907 ἐπεί
493 2875 525 2909 τε
547 2849 713 2926 ὅρμηθέντες
734 2853 765 2906 ἐκ
784 2852 840 2908 τῶν
862 2849 985 2924 Θηβέων

179 2934 343 3008 ἐπορεύοντο
356 2936 464 3012 ἔχοντες
478 2934 611 3015 ἀγωγούς,
621 2935 785 3011 ἀπικόμενοι
797 2938 851 3011 μὲν
863 2937 988 3012 φανεροί

180 3023 235 3078 εἶσι
258 3025 286 3082 ἐς
306 3019 413 3080 Ὀσσιν
435 3021 528 3090 πόλιν,
548 3021 601 3096 την
621 3023 718 3100 έχουσι
736 3025 789 3098 μὲν
809 3021 912 3098 Σάμιοι
930 3028 987 3098 τῆς

179 3107 364 3184 Αἰσχριωνίης
392 3111 485 3182 φυλῆς
507 3107 654 3186 λεγόμενοι
679 3109 758 3167 εἴναι·
787 3108 928 3186 ἀπέχουσι
953 3111 986 3169 δὲ

179 3193 248 3251 {md
265 3192 388 3268 ἡμερέων
404 3193 469 3253 ἀδδν
485 3192 541 3250 ἀπό
557 3195 675 3269 Θηβέων
690 3195 736 3254 διά
752 3195 879 3273 ψάμμου·
904 3195 985 3257 σύνσ-

180 3275 295 3348 μάζεται
313 3279 343 3336 δὲ
358 3278 375 3336 6
388 3283 478 3355 χοῖρος
496 3277 578 3340 οὗτος
596 3280 666 3338 κατά
680 3281 826 3355 Ἑλλήνων
840 3285 987 3362 γλῶσσαν
