2150 3500
159 84 207 134 190
466 85 651 135 'HPOAO'POT
911 80 965 145 [Π.

159 188 208 224 σιν
221 162 437 225 καταπαύσοντα
449 164 574 247 λόγοισι·
595 163 655 224 ὅδὲ
672 164 736 223 ἐπεί
745 187 777 222 τε
793 159 970 237 ἀπικόμενος
1047 191 1049 198 ·

160 248 357 326 κατελάμβανε
382 250 447 315 τούς
473 251 650 333 Αἰγυπτίους,
675 252 764 310 ταῦτα
789 248 831 325 μὴ
858 248 970 307 ποιέειν

160 337 292 417 λέγοντος
319 336 412 408 αὐτοῦ,
435 341 491 399 τοῖν
513 363 556 402 τις
579 338 739 419 Αἰγυπτίων
764 335 869 396 ὄπισθε
893 335 970 399 στὰς
1047 389 1049 398 .

160 425 308 501 περιέθηκέ
326 428 355 483 οῖ
374 426 479 503 κυνέην,
494 426 541 485 καὶ
559 425 709 503 περιτιθεὶς
725 424 781 500 ἔφη
795 424 865 482 “ἐπὶ
876 424 970 498 βασι-

161 510 229 590 ληίη
243 511 436 589 περιτιθέναι.”
472 514 519 572 καὶ
530 516 570 593 τῷ
583 511 616 573 ού
630 538 682 575 κως
695 510 845 571 οἷεκούσιον
857 511 970 590 ἐγίνετο
1047 520 1049 551 ²

161 597 196 659 τό
209 598 380 677 ποιεύμενον,
394 599 430 663 ὦς
443 599 597 673 διεδείκνυε·
619 599 681 659 ἐπεί
691 624 723 658 τε
734 596 790 678 γάρ
805 597 970 673 ἐστήσαντό
1047 623 1049 674 5

163 710 212 762 μιν
230 687 357 762 βασιλέα
375 690 431 746 τῶν
450 689 609 769 Αἰγυπτίων
627 689 655 747 οἶ
677 686 861 755 ἀπεστεῶτες,
880 710 968 762 παρε-
1047 701 1049 736 fl

163 771 313 845 σκευάζετο
334 775 370 840 ὥς
390 779 461 836 ἑλεῖν
478 776 525 836 ἐπὶ
540 774 590 836 τᾶν
603 774 731 852 Ἀπρίην·
758 772 920 849 πυθόμενος
939 772 970 831 δὲ

163 863 252 921 ταῦτα
264 860 281 922 ό
292 860 418 940 Ἀπρίης,
431 863 538 940 ἔπεμπε
551 862 593 922 ἐπ’
601 863 729 939 Ἄμασιν
746 858 834 937 άνδρα
850 859 970 936 δόκιμον

163 951 219 1008 τοῖν
237 948 302 1027 περὶ
322 949 420 1011 ἑωυτόν
434 952 600 1031 Αἰγυπτίων,
612 955 652 1030 τῷ
671 948 775 1026 ούνομα
795 947 831 1023 ἦν
850 947 968 1025 Πατάρ-
1047 943 1049 1007 ἐ

164 1036 261 1114 βημις,
288 1037 478 1115 ἐντειλάμενος
501 1038 574 1118 αύτῷ
593 1040 682 1110 ζῶντα
701 1035 830 1114 Ἀμασιν
849 1034 970 1116 ἀγαγεῖν
1047 1103 1049 1111 k

165 1123 230 1202 παρ’
244 1125 352 1187 ἑωυτόν·
374 1126 410 1190 οἷς
426 1126 456 1187 δὲ
474 1124 641 1204 ἀπικόμενος
660 1123 711 1185 τόν
726 1124 855 1200 Ἀμασιν
868 1122 970 1183 ἐκάλεε

166 1210 183 1273 ό
207 1214 404 1292 Πατάρβημις,
431 1213 447 1274 ὁ
468 1210 594 1290 Ἀμασις
618 1213 710 1293 (ἔτυχε
735 1212 791 1294 γάρ
814 1210 857 1269 ἐπ’
879 1211 970 1270 ἵππου
1047 1212 1049 1221 ¹

166 1300 330 1383 κατήμενος)
349 1301 452 1380 ἐπάρας
470 1299 654 1379 οἶπεματάῖσε,
669 1300 715 1359 καὶ
735 1297 820 1359 τοῦτό
839 1322 889 1375 μιν
911 1300 969 1358 ἐκέ·
1047 1322 1049 1325 ’

167 1392 233 1450 λευε
254 1388 357 1469 Ἀπρίῃ
377 1388 505 1471 ἀπάγειν·
538 1388 612 1466 ὅμως
632 1388 663 1447 δὲ
689 1385 774 1447 αὐτόν
799 1385 895 1455 ἀξιοῦν
918 1385 971 1446 τόν
996 1382 999 1386 ’

168 1475 366 1555 Πατάρβημιν,
384 1476 524 1553 βασιλέος
540 1475 800 1554 μεταπεμπομένου,
815 1473 884 1534 ἰέναι
896 1473 971 1550 πρὸς

168 1562 261 1625 αύτόν·
280 1564 330 1624 τόν
348 1565 378 1623 δὲ
391 1563 464 1643 αύτῷ
482 1563 689 1642 ύποκρίνεσθαι,
704 1560 740 1625 οῖς
753 1566 865 1621 “rafim
878 1561 971 1620 πάλαι
1047 1631 1049 1644 ᾖ

167 1650 389 1729 παρεσκευάζετο
422 1652 533 1723 ποιέειν,
561 1651 608 1710 καὶ
634 1650 707 1729 αύτῷ
739 1647 772 1710 ού
803 1649 970 1726 μέμψεσθαι

167 1736 294 1818 Ἀπρίην·
332 1738 508 1818 παρέσεσθαι
533 1739 596 1821 γάρ
617 1738 664 1799 καὶ
684 1728 766 1800 αύέὂς
792 1736 839 1796 καῖ
862 1735 971 1802 ἄλλους
1047 1786 1049 1820 3

167 1824 267 1896 άξειν.”
302 1827 353 1888 τόν
373 1828 402 1888 δὲ
423 1827 615 1906 Πατάρβημιν
634 1828 665 1887 ἐκ
684 1828 790 1886 τετῶν
808 1826 972 1906 λεγομένων
1047 1826 1048 1829 “

168 1913 219 1974 ούκ
245 1913 355 1998 ἀγνοεῖν
380 1915 432 1994 την
458 1915 590 1986 διάνοιαν,
617 1915 664 1974 καὶ
689 1912 972 1991 παρασκευαζόμενον
1047 1967 1049 1987 ,

168 2001 284 2080 ὀρέοντο
304 2004 414 2084 σπουδῇ
434 2003 552 2074 ἀπιέναι,
565 2001 743 2080 βουλόμενον
761 2001 972 2080 τὴνταχίστην
1047 2001 1049 2037 ³

168 2092 289 2168 βασιλέϊ
306 2093 432 2170 δηλῶσαι
449 2091 485 2154 ποῖ
502 2089 699 2170 πρησσόμενα·
721 2089 756 2153 ὦς
773 2088 804 2148 δὲ
818 2088 972 2150 ἀπικέσθαι
1047 2094 1048 2097 ’

170 2179 253 2242 αὐτόν
279 2182 349 2260 πρός
368 2181 418 2242 τόν
436 2180 556 2257 Ἀπρίην
576 2179 626 2239 ούκ
645 2177 751 2260 ἄγοντα
768 2175 820 2238 τόν
833 2176 969 2254 Ἀμασιν,

170 2267 267 2329 οὐδένα
282 2269 371 2350 λόγον
390 2267 463 2347 αύτῷ
483 2267 567 2329 δόντα
587 2266 665 2327 ἀλλὰ
684 2265 843 2344 περιθύμως
861 2266 969 2344 ἔχοντα,

170 2359 332 2433 περιταμεῖν
355 2354 515 2433 προστάξαι
540 2354 625 2416 αύτοῖι
651 2353 687 2416 τά
708 2378 741 2414 τε
764 2352 822 2413 ὦτα
847 2353 895 2411 καὶ
919 2352 972 2430 τὴν

169 2445 241 2519 ῥῖνα·
263 2442 383 2521 ἰδόμενοι
397 2443 420 2502 δ’
434 2445 462 2502 οῖ
479 2443 577 2504 λοιποὶ
591 2447 646 2504 τῶν
659 2441 825 2524 Αἰγυπτίων,
840 2439 867 2500 οῖ
882 2441 973 2510 {nui

169 2529 275 2589 ἐκείνου
302 2529 443 2607 ἐφρόνεον,
471 2529 559 2608 ἄνδρα
584 2529 635 2592 τδν
657 2528 847 2607 δοκιμώτατον
866 2532 973 2590 ἑωυτῶν

172 2615 243 2677 οὕτω
262 2619 384 2698 αἰσχρῶς
401 2616 477 2697 λύμη
498 2618 679 2696 διακείμενον,
693 2616 793 2678 ούδένα
812 2616 847 2693 δὴ
867 2614 971 2697 χρόνον
1047 2688 1048 2693 ¹

171 2705 334 2786 ἐπισχόντες
352 2706 505 2768 ἀπιστέατο
521 2706 594 2785 πρὸς
611 2707 675 2771 τούς
692 2707 809 2784 ἐτέρους,
822 2705 869 2764 καὶ
887 2704 970 2764 ἐδίδο-

125 2796 247 2856 163σαν
278 2795 369 2872 σφέας
395 2793 494 2858 αὐτούς
521 2793 637 2872 Ἀμάσι.
679 2792 844 2871 Πυθόμενος
869 2791 900 2852 δὲ
924 2792 970 2850 καὶ

170 2887 259 2942 ταῦτα
271 2881 287 2943 ό
299 2881 424 2960 Ἀπρίης,
439 2882 543 2953 ὥπλιζε
555 2881 620 2945 τούς
634 2880 795 2958 ἐπικούρους
808 2880 855 2939 καὶ
867 2878 969 2955 ἤλαυνε

120 3007 124 3017 ι
170 2969 217 3029 ἐπὶ
229 2968 293 3033 πούς
305 2971 482 3051 Αἰγυπτίους·
503 2967 563 3048 εἶχε
583 2967 614 3028 δὲ
629 2968 695 3046 περὶ
713 2967 814 3028 ἑωυτόν
830 2964 927 3042 Κᾶράς
938 2990 969 3026 τε

170 3057 216 3114 καὶ
228 3054 326 3119 Ἴωνας
343 3055 444 3133 ἄνδρας
460 3054 620 3130 ἐπικούρους
636 3056 826 3131 τρισμυρίους·
847 3053 883 3130 ἦν
920 3054 967 3112 ὀῖ

169 3142 205 3202 τά
216 3143 360 3219 βασιλήϊα
373 3147 402 3202 ἐν
416 3140 470 3206 Σάῖ
481 3139 559 3213 πόλι,
573 3139 687 3220 μεγάλα
703 3140 784 3201 ε’όντα
800 3141 848 3200 καὶ
865 3139 967 3211 ἅξιοθέ·

168 3251 232 3302 ητα.
272 3229 319 3288 καὶ
342 3229 373 3288 οἵ
389 3252 421 3287 τε
440 3226 504 3302 περὶ
524 3224 575 3286 τόν
594 3224 714 3302 Ἀπρίην
733 3229 780 3287 ἐπὶ
801 3227 867 3292 τούς
887 3230 965 3310 Αίγυ
