2150 3500
89 135 234 201 ιιι-ιιι]
415 139 580 190 mmm.
848 137 895 193 17⁷

87 216 166 280 δίους
177 221 251 293 τρεῖς
263 215 392 294 μάλιστά
407 243 452 292 κη,
465 216 510 277 διά
528 221 580 293 τῆς
600 216 706 300 άγορῆς
722 217 852 296 φέρουσα
865 221 893 282 ἐς

86 303 124 364 τά
136 304 207 382 πρός
223 303 274 380 ήῶ·
296 303 375 382 εἶρος
393 304 424 364 δέ
442 304 478 368 ὦς
494 303 638 381 τεσσέρων
654 303 794 381 πλέθρων·
815 310 851 383 τῇ
864 304 895 366 δέ

87 393 137 451 καί
149 395 186 470 τῇ
199 395 250 467 τῆς
263 391 328 450 ὀδοῦ
342 390 455 469 δένδρεα
470 390 663 468 οὐρανομήκεα
675 389 793 468 πέφυκε·
815 391 896 471 φέρει

86 477 114 538 δ’
127 483 154 542 ἐς
166 478 274 556 Ἑρμέω
289 478 357 556 ἰρόν.
398 478 432 539 τό
444 477 544 555 μὲνδὴ
559 479 619 556 ἱρόν
631 482 715 540 τοῦτο
729 477 799 540 οὕτω
814 481 876 558 ἔχει.

130 565 218 630 Τέλος
244 567 275 625 δέ
300 569 351 643 τῆς
379 565 550 647 ἀπαλλαγῆς
580 569 631 627 τοῦ
660 567 796 630 Αἰθίοπος
821 565 939 628 οἰδε139

87 654 188 735 ἔλεγον
206 653 349 735 γενέσθαι·
383 653 450 732 ὄψιν
470 657 499 714 ἐν
517 657 557 732 τῷ
575 651 651 732 ὕπνῳ
670 653 779 729 τοιήνδε
800 654 893 715 ἰδόντα

86 739 174 801 αύτὸν
183 742 314 820 οἴχεσθαι
327 740 478 822 φεύγοντα·
493 739 585 800 ἐδόκεέ
599 743 626 800 οἱ
639 738 725 819 ἄνδρα
739 740 892 802 ἐπιστάντα

85 828 305 904 συμβουλεύειν,
325 827 391 892 τούς
412 828 486 906 ἱρέας
505 827 570 892 τούς
590 832 619 888 ἐν
632 827 764 908 Αἰγύπτῳ
785 828 888 890 συλλέ-

84 915 175 984 ξαντα
186 915 293 979 πάντας
305 915 410 993 μέσους
423 914 589 991 διαταμέειν·
612 915 706 975 ἰδόντα
719 916 749 975 δὲ
761 915 814 992 τήν
826 914 892 994 ὄψιν

83 1002 191 1079 ταύτην
208 1003 302 1085 λέγειν
320 1002 415 1073 αύτδν,
429 1002 465 1066 ιύς
481 1002 630 1080 πρόφασίν
643 1005 670 1063 οἱ
683 1001 775 1063 δοκέοι
787 1003 891 1080 ταύτην

81 1090 151 1154 τούς
165 1089 247 1154 θεούς
262 1090 462 1168 προδεικνύναι,
478 1090 523 1151 ἵνα
543 1089 694 1166 ἀσεβήσας
712 1091 776 1168 περὶ
793 1089 829 1151 τά
844 1090 890 1169 ἱρά

83 1178 173 1239 κακόν
185 1205 214 1238 τι
225 1178 297 1256 πρός
315 1180 386 1239 θεῶν
397 1176 416 1254 ἦ
429 1175 501 1255 πρός
519 1176 670 1254 ἀνθρώπων
683 1176 782 1254 λάβοι·
803 1175 890 1240 σύκων

80 1266 217 1342 ποιήσειν
242 1270 339 1340 ταῦτα,
366 1265 444 1326 άλλοί
470 1264 526 1346 γάρ
554 1267 581 1325 οἰ
612 1263 810 1341 ἐξεληλυθέναι
840 1265 890 1327 τόν

80 1353 190 1431 χρόνον
202 1352 307 1415 ὁκόσον
327 1353 485 1432 κεχρῆσθαι
505 1351 627 1429 ἄρξαντα
641 1350 786 1432 Αἰγύπτου
807 1356 890 1430 ἐκχω-

80 1440 194 1516 ρήσειν·
214 1445 245 1501 ἐν
262 1440 318 1523 γάρ
335 1445 372 1519 τῇ
390 1440 523 1519 Αἰθιοπίῃ
541 1438 613 1499 ἐόντι
631 1437 705 1517 αύτῷ
719 1438 755 1499 τά
768 1439 890 1516 μαντήῖα

79 1531 164 1588 τοῖσι
175 1528 311 1608 χρέωνται
323 1529 455 1591 Αἰθίοπες
468 1527 570 1598 ἀνεῖλε,
585 1525 620 1590 οἰς
637 1526 694 1588 δέοι
707 1525 791 1587 αύτόν
804 1527 888 1608 Αἰγύ-

79 1641 158 1677 πτου
177 1618 354 1693 βασιλεῦσαι
373 1617 434 1677 ἐτεα
451 1614 632 1691 πεντήκοντα·
655 1613 691 1678 ὦς
703 1612 741 1676 ὧν
756 1613 773 1674 ό
789 1615 890 1695 χρόνος

80 1700 168 1768 οὗτος
188 1704 261 1781 ἐξήῖε
282 1705 328 1765 καί
347 1701 433 1765 αὐτόν
451 1702 473 1780 ή
492 1701 556 1781 ὄψις
575 1705 625 1764 τοῦ
646 1702 771 1763 ἐνυπνίου
792 1701 888 1765 ἐπετά-

79 1817 186 1869 ρασσε,
214 1793 283 1853 ἐκάν
307 1790 529 1854 ἀπαλλάσσεται
560 1796 591 1851 ἐκ
619 1796 670 1867 τῆς
701 1790 845 1872 Αἰγύπτου
870 1791 888 1855 ὁ

80 1881 231 1958 Σαβακῶς.

124 1967 175 2032 Ὡς
194 1968 218 2028 δ’
231 1967 287 2047 άρα
307 1969 437 2049 οἴχεσθαι
455 1968 507 2030 τόν
526 1969 650 2029 Αἰθίοπα
671 1968 702 2037 ἐξ
714 1967 866 2048 Αἰγύπτου,
877 1970 934 2028 140

79 2054 163 2121 αὖτις
178 2056 228 2118 τάν
243 2055 355 2134 τυφλόν
370 2055 467 2136 άρχειν
483 2063 514 2117 ἐκ
534 2060 589 2117 τῶν
607 2055 692 2116 ἐλέων
707 2053 886 2133 ἀπικόμενον,

79 2145 152 2206 ἔνθα
170 2146 342 2223 πεντήκοντα
361 2146 432 2215 ἐτεα,
448 2148 536 2221 νῆσον
556 2142 653 2222 χάσας
672 2140 771 2220 σποδῷ
788 2168 820 2202 τε
839 2144 886 2203 καὶ

78 2237 130 2313 γῇ,
145 2234 226 2295 οἴκεε·
246 2233 317 2297 ὅκως
331 2232 387 2315 γάρ
405 2236 432 2293 οἶ
448 2235 553 2308 φοιτᾶν
571 2234 653 2291 σῖτον
667 2227 787 2311 άγοντας
802 2232 886 2311 Αἰγυ-

78 2320 171 2381 πτίων
181 2323 216 2387 οἷς
226 2321 371 2383 ἑκάστοισι
378 2319 589 2399 προστετάχθαι
602 2321 672 2399 σιγῇ
681 2320 732 2377 τοῦ
742 2318 884 2390 Αἰθίοπος,

79 2413 111 2471 ἐς
126 2409 181 2486 τήν
195 2410 299 2487 δωρεὴν
314 2409 436 2469 κελεύειν
452 2407 545 2484 σφέας
563 2406 609 2465 καὶ
628 2404 736 2466 σποδόν
753 2407 884 2483 κομίζειν.

77 2495 186 2574 ταύτην
199 2498 252 2574 τήν
269 2500 359 2574 νῆσον
374 2496 463 2561 οὐδεὶς
478 2495 614 2574 πρότερον
632 2492 770 2570 ἐδυνάσθη
782 2492 884 2573 Ἀμυρ-

78 2585 161 2645 ταίου
182 2586 310 2664 ἐξευρεῖν·
343 2583 420 2645 am
440 2585 503 2644 ἐτεα
523 2584 570 2643 ἐπὶ
591 2583 668 2643 πλέω
689 2579 708 2658 ἢ
730 2582 884 2643 ἑπτακόσια

78 2673 132 2733 οὐκ
149 2674 207 2734 οἶοί
222 2699 254 2734 τε
272 2671 348 2751 ἦσαν
361 2669 448 2747 αύτήν
463 2671 587 2749 άνευρεῖν
607 2674 635 2731 οἱ
654 2668 786 2748 πρότεροι
805 2667 883 2752 γενά·

77 2785 160 2838 μενοι
185 2762 322 2838 βασιλέες
339 2759 519 2838 Ἀμυρταίου·
555 2757 660 2836 οὕνομα
687 2756 716 2816 δὲ
737 2756 824 2835 ταύτῃ
846 2757 883 2834 τῇ

77 2848 159 2928 νήσῳ
171 2848 278 2927 Ἐλβώ·
299 2849 422 2930 μέγαθος
433 2842 457 2907 δ’
470 2848 533 2909 ἐστὶ
545 2845 635 2921 πάντη
650 2844 716 2904 δέκα
729 2843 860 2904 σταδίων.

121 2938 204 2999 Μετά
215 2939 245 2999 δὲ
256 2941 364 3009 τοῦτον,
372 2937 549 3014 βασιλεῦσαι
561 2933 611 2995 τόν
625 2932 684 3010 ἱρέα
696 2934 747 2991 τοῦ
757 2929 861 3007 Ἦφαί-
871 2930 926 2990 141

77 3050 152 3086 στου
167 3030 206 3106 τῷ
223 3026 329 3104 οὕνομα
345 3024 415 3085 εἰναι
427 3022 530 3089 Σεθάν·
551 3021 602 3083 τόν
615 3023 645 3080 ἐν
660 3017 796 3098 ἀλογίῃσι
809 3018 882 3095 ἔχειν

76 3114 336 3193 παραχρησάμενον
351 3115 407 3173 τῶν
421 3111 553 3190 μαχίμων
568 3106 735 3188 Αἰγυπτίων,
749 3104 786 3170 οἷς
803 3102 881 3164 οὐδὲν

77 3199 250 3277 δεησόμενον
269 3201 367 3262 αὐτῶν·
394 3196 472 3259 άλλα
490 3223 522 3257 τε
542 3196 577 3273 δή
597 3194 683 3272 ἄτιμα
701 3196 831 3253 ποιεῦντα
853 3194 882 3253 ἐς

77 3286 189 3407 αι’ποῦιςὲ
201 3289 249 3349 καί
260 3292 352 3361 σφεας
363 3284 521 3346 ἀπελέσθαι
534 3282 586 3347 τάς
602 3280 729 3360 α’ρούρας,
742 3283 819 3341 τοῖσι
834 3276 881 3338 ἐπὶ
