2150 3500
188 106 236 154 ιιι
491 105 674 155 Ἦνοιουοτ
943 101 995 168 [11.

188 183 235 244 διὰ
253 185 357 246 τούτων
377 185 519 246 δάκνουσι·
541 185 586 246 διὰ
602 185 632 245 δὲ
648 188 698 246 τοῦ
714 183 826 245 δικτύου
847 182 918 244 οὐδὲ
937 209 997 245 πει·

186 275 288 349 ρῶνται
300 271 405 350 α’ρχήν·

141 360 180 422 96
228 359 272 418 Τά
290 359 319 419 δὲ
337 360 371 435 δή
387 359 476 420 πλοῖά
490 366 555 437 σφι,
568 361 646 420 τοῖσι
663 360 865 441 φορτηγέουσι,
882 359 949 420 ἔστι
967 365 996 420 ἔκ

187 450 238 522 τῆς
249 446 370 523 ἀκάνθης
380 447 539 524 ποιεύμενα·
551 452 602 524 τῆς
614 447 634 523 ἦ
644 447 742 524 μορφή
756 447 808 523 μέν
820 452 886 506 ε’στι
901 447 996 524 όμοια·

187 535 258 610 τάτη
271 539 309 614 τῷ
323 537 470 616 Κυρηναίῳ
483 539 571 613 λωτῷ,
585 534 618 594 τό
633 535 663 594 δὲ
675 535 794 612 δάκρυον
813 534 909 611 κόμμι
923 538 996 596 ε’στί·

188 627 220 682 ἐκ
237 624 338 698 ταύτης
354 623 391 683 ὧν
406 627 457 698 τῆς
472 622 594 698 ἀκάνθης
612 621 765 700 κοψάμενοι
784 620 858 691 ξύλα
875 621 951 683 ὅσον
965 649 996 683 τε

188 709 307 789 διπήχεα
316 711 470 787 πλινθηδδν
477 711 645 780 συντιθεῖσι,
655 709 877 790 ναυπηγεύμενοι
887 711 996 788 τρόπον

188 797 303 858 τοιόνδε·
324 799 388 874 περὶ
402 798 532 879 γόμφους
552 796 671 861 πυκνούς
688 798 734 856 καὶ
749 797 875 874 μακρούς
892 799 995 875 περιεί-

186 908 271 962 ρουσι
287 885 322 945 τά
342 885 462 965 διπήχεα
478 886 559 955 ξύλα·
581 885 664 946 ε’πεάν
683 885 713 944 δὲ
730 888 769 964 τῷ
784 883 884 964 τρόπῳ
905 885 995 946 τούτω

188 973 428 1054 ναυπηγήσωνται,
443 974 512 1056 ζυγά
530 977 669 1048 ἐπιπολῆς
684 973 807 1034 τείνουσι
824 973 930 1033 αὐτῶν·
951 1001 994 1034 νο·

189 1063 275 1137 μεῦσι
296 1061 326 1120 δὲ
346 1061 425 1122 οὐδὲν
444 1063 590 1141 χρέωνται·
614 1061 717 1122 ἔσωθεν
737 1060 767 1120 δὲ
784 1059 994 1138 τάςόἶρμονίας

189 1154 218 1209 ε’ν
231 1147 268 1209 ὧν
283 1149 447 1210 ἐπάκτωσαν
460 1154 496 1229 τῇ
509 1150 624 1230 βύβλῳ·
641 1148 780 1226 πηδάλιον
794 1149 824 1207 δὲ
838 1149 869 1210 έν
883 1155 993 1210 ποιεῦν-

189 1263 244 1308 ται,
259 1239 306 1297 καὶ
322 1243 406 1299 τοῦτο
424 1237 470 1297 διὰ
488 1242 538 1312 τῆς
550 1237 665 1314 τρόπιος
678 1236 850 1312 διαβύνεται·
879 1239 953 1317 ἱστῷ
965 1239 994 1298 δὲ

189 1325 325 1406 ἀκανθίνῳ
342 1312 484 1405 χρέωνται,
502 1325 620 1385 ἱστίοισι
632 1325 670 1384 δὲ
687 1325 869 1400 βυβλίνοισι.
905 1330 993 1402 ταῦτα

189 1413 226 1472 τοὶ
240 1418 329 1473 πλοῖα
347 1413 400 1473 άνά
418 1415 470 1491 μὲν
482 1413 533 1474 τόν
551 1411 679 1490 ποταμόν
695 1412 728 1471 ού
746 1410 877 1472 δύνανται
895 1414 993 1474 πλέειν

189 1498 225 1576 ἦν
236 1500 277 1577 μή
291 1500 421 1577 λαμπρός
434 1499 534 1578 άνεμος
548 1501 643 1580 ἐπέχῃ,
658 1504 688 1559 ε’κ
701 1503 754 1581 γῆς
767 1499 796 1558 δὲ
809 1501 991 1578 παρέλκεται·

191 1588 261 1646 κατά
273 1587 339 1664 ῥόον
349 1588 379 1646 δὲ
393 1589 534 1666 κομίζεται
548 1586 609 1647 ὦδε·
627 1589 688 1648 ἔστι
702 1593 732 1646 ἐκ
744 1588 863 1664 μυρίκης
875 1613 991 1666 πεποιη-

188 1675 259 1751 μένη
279 1674 350 1752 θύρη
371 1676 582 1755 κατερραμμένη
597 1675 672 1754 ῥίπεϊ
690 1674 831 1753 καλάμων,
846 1677 894 1735 καὶ
912 1678 991 1742 λίθος

187 1763 352 1839 τετρημένος
365 1764 528 1827 διτάλαντος
541 1764 670 1841 μάλιστά
683 1790 718 1841 κη
730 1764 871 1841 σταθμόν·
885 1764 991 1827 τούτων

187 1849 240 1926 τήν
251 1853 303 1928 μὲν
316 1850 402 1928 θύρην
415 1852 561 1929 δεδεμένην
575 1852 652 1932 κάλῳ
666 1853 810 1932 ἔμπροσθε
823 1857 875 1912 τοῦ
887 1856 990 1915 πλοίου

189 1937 265 1998 άπίει
280 1940 472 2018 ἐπιφέρεσθαι,
485 1939 536 2001 τδν
552 1940 582 1999 δὲ
598 1942 680 2001 λίθον
693 1941 773 2020 άλλῳ
787 1940 865 2020 κάλῳ
877 1939 989 2003 ὄπισθε·

188 2026 208 2103 ἦ
221 2028 272 2105 μέν
285 2027 319 2105 δή
334 2028 412 2107 θύρη,
424 2032 475 2089 τοῦ
487 2027 555 2105 ῥόου
569 2029 762 2104 ε’μπίπτοντοςι
774 2029 873 2107 χωρέει
885 2031 989 2109 ταχέως
1043 2026 1044 2058 λ

189 2116 236 2175 καὶ
259 2118 335 2177 ἔλκει
356 2117 409 2194 τήν
428 2115 524 2193 βάριν·
546 2115 641 2193 (τοῦτο
662 2116 717 2197 γάρ
741 2116 775 2191 δή
800 2115 908 2194 οὔνομά
930 2123 989 2179 ε’στι
1042 2178 1043 2181 ,

189 2208 266 2266 τοῖσι
278 2206 406 2265 πλοίοισι
418 2204 566 2283 τούτοισι·)
587 2203 603 2262 ὁ
620 2204 650 2263 δὲ
665 2205 745 2267 λίθος
758 2203 862 2264 ὄπισθε
876 2206 988 2266 ἔπελκό-
1042 2194 1043 2209 ¹

188 2318 272 2368 μενος
284 2294 330 2352 καὶ
344 2294 394 2354 ἐάν
407 2298 437 2353 έν
450 2294 563 2372 βυσσῷ,
578 2291 717 2351 κατιθύνει
729 2291 779 2352 τόν
792 2290 894 2353 πλόον.
930 2295 988 2354 ἔστι
1041 2364 1042 2381 γ

191 2380 222 2438 δέ
237 2387 293 2456 σφι
306 2380 342 2439 τά
354 2384 443 2439 πλοῖα
455 2381 544 2439 ταΰτα
556 2379 661 2454 πλήθεϊ
674 2380 779 2449 πολλοὶ,
795 2380 840 2439 καὶ
854 2377 917 2461 άγει
933 2382 988 2441 ένιιι
1041 2386 1042 2405 ’

142 2466 300 2528 97πολλάς
322 2467 452 2544 χιλιάδος
474 2466 628 2528 ταλάντων.
669 2466 773 2527 Ἐπεὰν
793 2468 822 2527 δὲ
846 2468 987 2548 έπέλθηά

189 2556 294 2615 Νεῖλος
308 2552 360 2627 τήν
372 2552 474 2631 χώρην,
488 2557 519 2612 οἱ
534 2554 618 2619 πόλις
630 2558 732 2633 μοῦναι
746 2556 895 2633 φαίνονται
907 2556 986 2634 ύπερ-

191 2640 314 2720 ἔχουσαι,
336 2639 464 2717 μάλιστά
485 2667 521 2718 κη
542 2643 675 2720 ἐμφερέες
692 2647 761 2723 τῇσι
780 2648 809 2703 ἐν
824 2646 864 2723 τῷ
884 2646 985 2725 Αἰγαίῳ

189 2728 281 2809 πόντῳ
303 2728 428 2805 νήσοισι·
454 2728 491 2790 τά
516 2731 569 2807 μὲν
592 2730 647 2811 γάρ
672 2729 750 2790 ἄλλα
772 2734 823 2808 τῆς
846 2731 985 2811 Αἰγύπτου
1039 2746 1040 2756 ’

189 2818 313 2897 πελαγος
335 2819 448 2898 γίνεται,
471 2820 501 2876 αἶ
526 2817 557 2875 δὲ
580 2817 663 2880 πόλις
686 2822 788 2893 μοῦναι
809 2817 983 2898 ύπερέχουσι.

190 2903 395 2981 πορθμεύονται
412 2904 457 2974 ὧν,
471 2902 555 2963 ἐπεάν
573 2907 657 2963 τοῦτο
672 2904 795 2985 γένηται,
809 2903 902 2964 ούκέτι
918 2906 983 2966 κατά

188 2991 225 3051 τά
236 2992 338 3068 ῥέεθρα
349 2994 400 3049 τοῦ
413 2994 549 3065 ποταμοῦ,
564 2988 642 3047 άλλοὶ
656 2989 701 3049 διά
714 2992 806 3067 μέσου
818 2995 870 3051 τοῦ
883 2992 982 3052 πεδίου.

190 3081 218 3139 ές
233 3077 285 3152 μέν
296 3103 330 3158 γε
349 3078 469 3154 Μέμφιν
485 3082 515 3135 ἐκ
533 3075 709 3151 Ναυκράτιος
725 3076 910 3149 ἀναπλώοντι,
921 3080 982 3157 παρ’
1037 3084 1038 3106 ³

189 3162 274 3224 αι’ντοὶς
285 3163 336 3225 τοίς
353 3163 509 3239 πυραμίδας
522 3162 629 3242 γίνεται
645 3161 661 3220 ό
679 3161 778 3226 πλόος·
799 3163 875 3245 [ἔστι
891 3165 921 3224 δὲ
937 3166 983 3225 ούκ
1036 3196 1037 3201 ’

190 3245 279 3316 οὗτος,
303 3248 381 3307 α’λλά
406 3248 482 3325 παρά
509 3248 543 3309 τό
566 3246 616 3317 ὀξύ
638 3251 689 3309 τοῦ
713 3251 819 3321 Δέλτα,
837 3252 892 3311 -καὶ
912 3254 982 3334 παρά
