2150 3500
171 93 222 142 210
477 90 660 141 ἨΡΟΔΟῚΌΤ
909 86 976 151 [ῙΠ.

118 216 131 243 ,
172 169 288 245 άληθέα,
302 169 400 254 (ἥκετεΙ
408 168 464 250 γάρ
484 168 622 229 κατόπται
633 170 685 242 τῆς
702 170 771 244 ἔμῆς
786 165 902 247 ἅρχῆς)
915 164 980 225 οίπε

174 258 275 319 ἐκεῖνος
288 255 358 333 άνη’ρ
371 260 434 316 ε’στι
447 256 560 319 δίκαιος·
581 260 606 315 εἰ
622 254 679 336 γὰρ
691 252 727 329 ἦν
741 254 857 322 δίκαιος,
871 251 931 313 οὔτ’
945 250 980 313 ἂν

174 343 334 421 ἐπεθύμησε
352 342 445 424 χώρης
467 343 558 420 ἄλλης
577 340 597 419 ἢ
616 347 667 418 τῆς
691 345 792 401 ἑωυτοῦ
815 339 877 400 οὔτ’
898 338 934 401 ἂν
953 345 981 406 ές

174 431 347 507 δουλοσύνην
365 430 527 507 ἀνθρώπους
544 430 597 510 ἦγε
611 429 657 489 ὕπ’
675 426 713 490 ὧν
732 428 820 505 μηδὲν
839 427 980 505 ἠδίκηται·
1051 427 1053 486 ἶ

174 524 222 580 νῦν
239 520 269 579 δὲ
291 518 365 598 αὐτῷ
381 518 464 589 τόξον
477 518 542 579 τάδε
562 518 682 581 διδόντες
700 516 767 577 τάδε
783 517 852 601 ἔπεα
870 518 981 597 λέγετε·

176 606 316 669 Βασιλεύς
342 606 358 666 ὁ
385 605 527 667 Αἰθιόπων
560 604 752 682 συμβουλεύει
777 608 817 683 τῷ
845 605 983 681 Περσέων

175 693 303 771 βασιλέϊ,
333 691 417 753 ε’πεᾶν
443 693 514 753 οὕτω
546 692 679 757 εύπετέως
708 693 812 752 ἕλκωσι
847 693 886 752 τά
911 692 983 763 τόξα

178 782 289 859 Πέρσαι
308 780 389 841 ε’άντα
409 781 525 863 μεγάθεϊ
544 784 678 851 τοσαῦτα,
698 779 763 841 τότε
783 778 826 839 ἐπ’
841 779 983 844 Αἰθίοπας

179 868 244 933 τούς
256 868 441 945 Μακροβίους
457 868 563 945 πλήθεϊ
579 867 832 946 ύπερβαλλόμενον
845 868 983 945 στρατεύ-

181 957 273 1017 εσθαι·
296 957 380 1035 μέχρι
398 956 428 1015 δὲ
439 956 540 1016 τούτου
556 957 650 1017 θεοῖσι
669 955 768 1037 εἰδέναι
783 954 877 1035 χάριν,
892 955 921 1014 οἳ
932 954 984 1015 ούκ

181 1044 226 1104 ε’πί
240 1044 304 1105 νόον
319 1046 455 1122 τρέπουσι
467 1043 610 1105 Αἰθιόπων
621 1045 705 1104 παισὶ
717 1048 773 1124 γῆν
785 1043 881 1119 ἄλλην
893 1068 984 1119 προσ-

135 1133 173 1193 22
182 1132 352 1210 κτᾶσθοιτῇ
372 1131 503 1192 έωυτῶν.”
543 1136 639 1192 Ταῦτα
655 1131 685 1191 δὲ
701 1132 787 1200 εἶπας,
800 1130 850 1190 καὶ
862 1130 939 1195 άνεὶς
951 1132 984 1191 τό

179 1218 271 1290 τόξον,
283 1220 425 1297 παρέδωκε
438 1222 515 1280 τοῖσι
528 1218 640 1295 ἥκουσι·
660 1218 760 1295 λαβών
776 1218 806 1278 δὲ
821 1217 857 1278 τδ
872 1218 941 1296 εἷμα
950 1218 985 1279 τό

180 1306 348 1386 πορφύρεον,
366 1306 464 1385 εἰρώτα
483 1306 499 1367 ὅ
518 1334 547 1367 τι
562 1308 604 1383 εἴη
621 1307 667 1367 καὶ
686 1305 756 1371 ὅκως
772 1307 984 1382 πεποιημένους
1051 1386 1053 1389 y

182 1395 315 1456 εἰπόντων
340 1395 371 1454 δὲ
389 1400 445 1455 τοίν
463 1393 659 1476 Ἰχθυοφάγων
680 1394 733 1469 τὴν
759 1393 902 1470 α’ληθηΐην
919 1394 986 1471 περὶ
1051 1392 1053 1433 5

181 1488 232 1559 τῆς
250 1481 397 1561 πορφύρης
418 1484 464 1541 καὶ
489 1486 540 1559 τῆς
566 1484 674 1559 βαφῆς,
695 1480 827 1559 δολεροιίς
847 1485 902 1559 μὲν
919 1482 986 1546 τούς

182 1568 341 1647 ἀνθρώπους
362 1571 416 1647 ἔφη
437 1570 506 1631 εἶναι
526 1570 630 1647 δολερὰ
653 1570 684 1629 δὲ
704 1568 794 1630 αὐτῶν
811 1568 849 1629 τά
870 1570 985 1647 εἵματα·

182 1656 295 1734 δεύτερα
307 1657 345 1727 δὲ,
365 1656 415 1717 τόν
432 1660 558 1736 χρυσοῦν
576 1657 674 1735 εἰρώτα
691 1657 832 1734 στρεπτὸν
843 1656 895 1717 τόν
907 1683 985 1735 περι·

183 1743 310 1826 αυχένιον
331 1744 377 1803 καὶ
393 1743 429 1804 τά
444 1746 541 1824 ψέλια·
562 1745 747 1827 ἐξηγεομένων
759 1744 791 1804 δὲ
804 1749 861 1806 τῶν
875 1743 986 1826 Ἰχθυο-

183 1831 281 1913 φάγων
298 1830 349 1892 τόν
367 1831 474 1910 κόσμον
484 1831 591 1904 αὐτῶν,
604 1831 763 1914 γελάσαςό
775 1831 918 1909 βασιλεύς
938 1834 987 1893 καὶ
1051 1856 1053 1863 ·

183 1919 301 1996 νομίσας
321 1919 393 1980 εἶναι’
416 1921 609 1997 σφεαιπέδας,
629 1921 690 1980 ἐἰπε
713 1919 750 1984 οἰς
768 1920 834 1998 παρ’
855 1923 989 1982 έωιποῖσί

185 2011 240 2067 εἰσι
256 2007 468 2086 ῥωμαλεώτεραι
487 2007 593 2070 τούτων
609 2009 700 2068 πέδαι·
719 2008 814 2086 τρίτον
831 2008 870 2081 δὲ,
885 2009 987 2086 εἰρώτα
1051 2016 1053 2048 ¹

183 2095 217 2156 ’τό
234 2095 332 2174 μύρον·
352 2096 486 2158 εἰπόντων
503 2097 533 2156 δὲ
552 2100 604 2172 τῆς
618 2096 750 2172 ποιήσιος
765 2096 832 2173 πέρι
850 2097 898 2156 καὶ
909 2096 986 2156 άλεί·

185 2191 257 2262 ψιος,
266 2184 316 2246 τόν
329 2183 413 2246 αὐτόν
425 2183 513 2266 λόγον
525 2183 576 2244 τόν
589 2185 636 2244 καὶ
648 2184 712 2262 περὶ
724 2187 775 2243 τοῦ
788 2184 903 2261 εἵματος
915 2184 986 2244 εἰπε·

185 2271 222 2334 ώς
238 2272 268 2331 δὲ
286 2277 314 2335 ἐς
330 2272 380 2333 τόν
399 2271 474 2332 οἶνον
495 2270 610 2332 άπίκετο
628 2272 675 2332 καὶ
693 2269 810 2332 ἐπύθετο
828 2267 917 2329 αἰτοῦ
932 2268 988 2344 τὴν

184 2359 307 2434 ποίησιν,
334 2359 502 2436 ύπερησθείς
526 2363 565 2438 τῷ
589 2358 697 2437 πόματι
724 2359 848 2436 ἐπείρετο
867 2355 886 2417 ὅ
908 2380 937 2416 τι
955 2381 988 2415 τε

186 2447 308 2508 σιτέεται
321 2444 337 2505 ό
350 2446 498 2523 βασιλεύς,
514 2447 560 2506 καὶ
572 2447 675 2526 χρόνον
690 2445 795 2507 όκόσον
809 2442 988 2523 μακρότατον

185 2531 256 2609 άνήρ
276 2531 392 2609 Πέρσης
408 2533 486 2604 ζώει;
508 2538 535 2594 οἱ
553 2535 584 2594 δὲ
600 2534 747 2596 σιτέεσθαι
763 2535 816 2611 μὲν
832 2532 883 2594 τόν
902 2531 989 2608 εἷρπον

188 2618 275 2690 εἶπαν,
296 2619 500 2701 ἐξηγησάμενοι
519 2625 575 2682 τῶν
595 2627 689 2699 πυρῶν
708 2621 761 2698 τὴν
783 2620 882 2698 φύσιν,
902 2618 989 2700 ὀγδώ-

187 2733 271 2767 κοντα
284 2706 307 2768 δ
321 2708 383 2768 έτεα
396 2707 461 2786 ζόης
478 2709 617 2787 πλήρωμα
635 2708 715 2787 άνδρὶ
731 2707 908 2786 μακρότατον
919 2731 989 2782 προ-

188 2794 311 2856 κέεσθαι·
331 2795 402 2873 πρός
413 2800 502 2858 ταῦτα
514 2796 530 2857 ὁ
543 2798 650 2874 Αἰθίοψ
664 2797 728 2873 ἔφη,
742 2795 821 2857 οὐδὲν
834 2795 989 2872 θωυμάζειν
1051 2841 1053 2865 ;

189 2887 214 2942 εἰ
232 2883 389 2961 σιτεόμενοι
410 2883 514 2960 κόπρον
531 2885 594 2944 ἔτεα
610 2883 696 2964 ὀλίγα
715 2882 828 2954 ζώουσι·
848 2881 914 2942 ούδὶ
931 2882 988 2963 γάρ

189 2967 223 3028 ἂν
240 2975 365 3031 τοσαῦτα
381 2969 517 3032 δύνασθαι
534 2969 612 3040 ζώειν
628 2969 721 3044 σφέας
734 2973 759 3028 εἰ
775 2968 817 3046 μὴ
828 2972 868 3048 τῷ
880 2966 989 3045 πόματι

190 3054 336 3133 υἷνέφερον,
357 3057 470 3133 φράζων
486 3059 573 3115 ,τοῖσι
594 3055 812 3137 Ἰχθυοφάγοισι
833 3055 885 3116 τόν
906 3055 990 3116 οἶνον·

143 3141 181 3200 23
190 3145 273 3201 τοῦτο
287 3142 343 3223 γάρ
363 3141 479 3206 ἑωυτούς
495 3139 552 3200 ύπδ
566 3142 701 3218 Περσέων
717 3142 887 3204 ἑσσοῦσθαι.
928 3142 991 3203 Ἀν-

190 3229 353 3310 τειρομένων
378 3229 409 3288 δὲ
434 3227 485 3289 τδν
502 3227 632 3304 βασιλέα
650 3231 707 3289 τῶν
725 3228 923 3311 Ἰχθυοφάγων
941 3234 993 3306 ’ἧς
