2150 3500
175 148 220 198 ιιι
387 145 570 196 Ἦνοιοτοο
585 144 745 194 mmm
921 140 975 205 [IL

172 227 215 287 “ὦ
228 227 317 311 γύναι,
331 225 402 287 κατά
415 252 452 303 με
468 224 639 303 ἐφάρμαξας,
652 249 700 283 και
688 224 781 283 ἔστι
794 247 841 282 τοι
856 220 978 332 ούδεμία

172 314 284 393 μηχανή
294 340 351 421 ῃμη
381 311 431 373 ούκ
465 312 642 373 ἀπολωλέναι
674 309 795 370 κάκιστα
820 309 978 420 γυναικέων

172 400 310 463 πασέιονοη
328 427 348 477 η
340 400 396 460 δὲ
412 400 565 475 Λαδίκη,
548 399 611 457 επεί
626 398 659 459 τέ
675 400 703 457 οἶ
720 397 874 475 ἀρνευμένῃ
892 396 978 457 ούδέν

172 490 277 572 ἐγίνετο
293 489 446 568 πρηΰτερος
462 487 478 549 o‘
489 486 623 564 Λμασις,
638 484 764 596 εὔχεται
767 490 797 545 ἐν
814 488 854 564 τῷ
870 484 928 564 νύιρ
939 490 977 564 τῇ

172 576 378 658 Λφροδίτη,”
357 602 393 653 ην
415 580 441 636 οἰ
461 574 509 635 ὕπ’
530 574 635 651 ἐκείνην
656 573 709 649 τήν
731 572 819 634 νύκτα
839 544 977 652 μιχθῇ’
959 600 976 632 ο

166 664 301 742 Ἄμασις,
321 669 404 725 τοῦτο
423 663 479 746 γάρ
498 666 525 723 οἱ
544 666 630 722 κακοῦ
650 661 720 721 εἶναι
734 664 836 740 μῆχος,
855 656 977 740 ἄγαλμά

174 757 202 814 οἰ
226 752 443 831 ἀποπέμψειν’
430 778 458 815 ες
484 749 624 828 Κυρήνην·
653 747 724 825 μετά
750 748 780 807 δὲ
805 747 860 823 τήν
887 746 978 827 εύχήν

174 840 272 901 αύτίκα
292 844 319 900 οἱ
338 838 472 920 ἐμίχθη
455 866 471 899 ο
489 838 624 916 Λμασις,
643 836 690 895 καὶ
710 861 744 896 το
735 835 892 896 ἐνθεῦτεν
910 835 976 912 ήδη,

168 927 254 989 ’ὁκύτε
274 929 352 990 ἔλθοι
371 927 442 1005 πρὸς
461 924 557 1002 αύτήν,
579 925 720 1005 ἐμίσγετο·
746 924 793 982 καί
814 922 905 1001 κάρτα
926 950 977 1000 μιν

174 1017 286 1094 ἔστερξε
311 1016 383 1094 μετά
408 1019 502 1075 τοῦτο.
542 1013 562 1089 ἡ
585 1013 615 1072 δέ
639 1012 747 1088 Λαδίκη
773 1010 899 1072 ἀπέδωκε
922 1012 977 1089 τήν

175 1104 310 1184 εύχήντῇ
330 1106 392 1184 θεῷ·
412 1103 590 1178 ποιησαμένη
609 1100 665 1181 γάρ
686 1098 802 1180 ἄγαλμα
822 1098 976 1179 ἀπέπεμψε

175 1198 203 1257 ἐς
216 1192 357 1271 Κυρήνην,
367 1190 400 1253 *ro*
414 1192 454 1251 ἐπι
467 1190 514 1249 καὶ
527 1194 555 1253 ἐς
568 1190 617 1266 ἐμὲ
629 1187 664 1263 ἦν
674 1186 751 1258 σόον,
762 1188 814 1258 ἔξω
826 1187 976 1264 ἱδρυμένον

174 1285 225 1343 τοῦ
251 1281 414 1360 Κυρηναίων
440 1277 550 1341 ἄστεος.
590 1276 693 1352 ταύτην
711 1273 763 1350 τήν
781 1275 918 1352 Λαδίκην,
941 1277 977 1341 ὥς

175 1370 347 1449 ἐπεκράτησε
360 1366 522 1445 Καμβύσης
534 1363 679 1446 Αἰγύπτου
692 1364 739 1422 καί
756 1362 874 1424 ἐπύθετο
887 1364 976 1442 αὐτῆς
1055 1359 1056 1422 3

175 1458 195 1535 ἦ
207 1485 248 1523 τις
262 1459 312 1534 εἴη,
325 1457 473 1533 ἀπέπεμψε
485 1454 585 1513 ἀσινέα
597 1457 626 1515 ἐς
638 1450 778 1529 Κυρήνην.
1035 1447 1038 1450 ’

132 1549 187 1607 182
228 1546 360 1622 Ἀνέθηκε
382 1544 412 1604 δέ
433 1570 479 1602 και
469 1539 703 1618 ἀναθήματα
687 1567 703 1600 ο
721 1538 846 1615 Ἄμασις
869 1545 897 1605 ἐς
920 1540 976 1618 τήν

104 1634 119 1661 ⁴
174 1632 310 1703 Ελλάδα,
323 1636 405 1693 τοῦτο
424 1633 476 1712 μὲν
495 1634 523 1693 ἐς
543 1627 674 1706 Κυρήνην
690 1625 833 1707 άγαλμα’
820 1628 977 1707 επίχρυσον
1055 1669 1056 1688 ι

174 1720 330 1798 Αθηναιης,
357 1719 404 1780 καὶ
430 1716 521 1780 εἰκόνα
544 1719 645 1778 ἑαυτοῦ
669 1719 769 1799 γραφη
795 1719 975 1796 εἰκασμένην·

175 1835 258 1869 τουτο
278 1809 364 1868 δὲ
328 1834 363 1887 τη
386 1812 415 1868 ἐν
435 1807 526 1886 Λίνδῳ
546 1804 680 1884 Λθηναίη
700 1804 750 1868 δύο
769 1829 800 1864 τε
821 1804 976 1885 ἀγάλματα

176 1898 279 1968 λίθινα,
300 1898 346 1957 καὶ
364 1895 475 1975 θώρηκα
491 1867 585 1955 λίνεον
599 1893 770 1968 ἀξιοθέητον·
802 1896 888 1955 τοῦτο
904 1895 932 1954 δ’
949 1902 977 1961 ἐς

177 1986 274 2064 Σάμον
290 1990 326 2066 τῇ
344 1985 422 2065 Ἥρη
445 1983 551 2046 εἰκόνας
571 1986 672 2042 ἑαυτοῦ
695 1981 830 2058 διφασίας
852 1983 975 2056 ξυλίνας,

177 2076 207 2138 αἰ
220 2081 249 2137 ἐν
264 2078 303 2156 τῷ
317 2078 373 2154 νηῷ
388 2078 428 2152 τῷ
444 2070 560 2153 μεγάλῳ
578 2068 691 2148 ἱδρύατο
708 2071 749 2130 ἔτι
766 2070 812 2130 καί
826 2069 861 2130 τά
877 2071 977 2150 μέχρις

178 2167 251 2242 ἐμεῦ,
264 2161 366 2224 ὄπισθε
378 2166 433 2222 τῶν
446 2161 558 2237 θυρέων.
584 2164 612 2222 ἐς
623 2159 676 2235 μέν
687 2183 736 2218 νυν
749 2157 846 2235 Σάμον
857 2157 977 2236 ἀνέθηκε

178 2251 248 2313 κατοί
271 2251 372 2326 ξεινίην
391 2249 443 2328 τήν
465 2250 567 2308 ἑαυτοῦ
586 2246 683 2307 τεκαὶ
706 2244 907 2321 Πολυκράτεος
926 2252 978 2308 τοῦ

177 2338 302 2409 Αἰάκεος,
323 2343 351 2400 ἐς
368 2338 398 2397 δὲ
414 2336 516 2396 Λίνδον
536 2335 636 2411 ξεινίης
654 2335 707 2411 μέν
725 2331 856 2410 οὐδεμιῆς
875 2334 977 2397 εἵνεκεν

177 2428 222 2488 ὅτι
235 2427 264 2485 δὲ
276 2425 310 2485 τδ
325 2424 384 2501 ἱρδν
395 2423 428 2483 τδ
443 2428 472 2483 ἐν
487 2423 580 2502 Λίνδῳ
591 2422 625 2482 τὸ
637 2425 688 2497 τῆς
701 2420 850 2498 Ἀθηναίης
862 2424 977 2504 λέγεται

177 2514 227 2578 τὰς
241 2515 291 2573 τοῦ
305 2515 417 2572 Δαναοῦ
433 2511 586 2591 θυγατέρας
599 2509 767 2588 ἶδρύσασθαι
780 2503 976 2590 προσχούσας,

178 2602 225 2664 ὅτε
241 2599 444 2676 ἀπεδίδρησκον
455 2598 520 2661 τούς
537 2598 680 2680 Αἰγύπτου
695 2597 805 2660 παῖδας.
824 2604 978 2678 ταῦταμὲν

179 2689 294 2766 ἀνέθηκε
307 2686 464 2763 άἊμασις.
506 2685 565 2744 εἷλε
578 2687 608 2745 δέ
623 2683 741 2761 Κύπρον
752 2687 862 2762 πρῶτος
875 2687 977 2767 ἀνθρώ

178 2804 247 2853 πων,
260 2776 306 2838 καὶ
319 2774 528 2854 κατεστρέψατο
542 2777 570 2839 ἐς
582 2773 673 2855 φόρου
685 2772 847 2856 ἀπαγωγήν.
