2150 3500
98 120 210 185 ιι-ω]
411 108 574 174 πιαίνου.
851 129 901 175 145

96 203 212 273 ξύλινον
234 203 430 280 πεποιημένον,
450 204 644 282 μεμιμημένον
665 209 693 269 ές
713 204 749 266 τά
772 205 901 282 μάλιστα

97 291 147 349 καὶ
160 294 260 371 γραφῇ
277 291 323 349 καὶ
339 293 417 372 ἔργῳ,
433 292 556 372 μέγαθος
572 291 642 358 ὅσον
658 318 689 352 τε
704 292 795 378 πάντη
810 319 899 374 πηχυ-

96 381 162 438 αῖον
177 377 196 453 ἢ
214 379 344 457 δίπηχυν·
365 379 470 441 δεικνύς
488 380 517 438 δὲ
536 379 645 458 ἑκάστῳ
662 385 717 440 τῶν
735 383 901 458 συμποτέων

96 466 186 546 λέγει·
207 471 261 529 “ε’ς
277 469 378 526 τοῦτον
392 465 485 543 ἀρέων,
502 467 567 527 πῖνέ
583 493 615 527 τε
631 468 677 527 καὶ
691 468 801 544 τέρπευ·
822 471 899 529 ἔσεαι

95 551 154 632 γὰρ
167 551 315 613 ἀποθανεῖν
331 553 482 618 τοιοῦτος.”
515 559 604 615 ταῦτα
620 558 673 632 μὲν
685 555 762 633 παραὶ
778 555 814 616 τά
828 582 899 635 συμ·

95 640 188 700 πόσια
199 643 321 701 ποιεῦσι.

140 730 292 807 Πατρίοισι
314 729 345 788 δὲ
367 728 519 808 χρειύμενοι
546 729 668 808 νόμοισι,
689 730 779 791 ἄλλον
801 731 945 795 ου’δένα79

95 816 285 876 ἔπικτέωνται.
313 819 390 876 τοῖσι
403 815 480 876 ἀλλα
492 843 522 878 τε
537 818 637 887 ε’πάξιά
650 824 712 879 ε’στι
725 819 836 897 νόμιμα,
851 822 897 880 καὶ

95 902 132 979 δὴ
151 904 197 962 καὶ
214 902 319 982 ἄεισμα
338 904 367 963 έν
387 909 450 964 ἔστι
467 907 560 976 Λίνος,
578 905 668 985 ὅσπερ
687 908 715 967 ἔν
732 933 763 967 τε
782 910 895 988 Φοινίκη

94 988 222 1068 ἀοίδιμύς
238 996 299 1052 ἔστι
317 991 363 1051 καὶ
381 995 410 1052 έν
427 992 532 1073 Κύπρῳ
545 994 592 1053 καὶ
609 992 696 1074 ἄλλῃ·
718 995 788 1054 κατά
800 997 896 1072 μέντοι

94 1079 178 1139 ἔθνεα
190 1077 296 1156 οὔνομα
309 1080 376 1159 ἔχει·
396 1082 573 1159 συμφέρεται
583 1081 613 1141 δὲ
627 1081 712 1145 &mdc
726 1083 795 1142 εἶναι
806 1084 856 1144 τάν
869 1087 897 1144 οἶ

89 1164 232 1243 Ἕλληνες
249 1168 335 1227 Λίνον
352 1165 533 1244 ὀνομάζοντες
553 1167 689 1228 ἀείδουσι·
710 1169 782 1230 ὥστε
799 1173 897 1231 πολλὰ

92 1256 149 1330 μὲν
162 1254 210 1313 καὶ
227 1252 304 1313 ἄλλα
321 1253 532 1331 ἀποθωυμάζειν
549 1280 586 1332 με
603 1259 658 1316 τῶν
674 1257 738 1333 περὶ
754 1258 896 1338 Αἴγυπτον

94 1340 204 1412 ε’όντων,
218 1347 247 1402 ἐν
259 1341 290 1401 δὲ
304 1342 338 1417 δὴ
352 1342 399 1401 καὶ
415 1341 465 1402 τάν
477 1343 564 1403 Λίνον
579 1341 677 1403 ὁκόθεν
693 1345 809 1420 ἔλαβον·
830 1347 895 1420 φαί-

93 1454 191 1491 νονται
208 1429 238 1488 δὲ
253 1427 299 1488 ἀεί
314 1455 377 1490 κοτε
396 1433 497 1490 τοῦτον
516 1429 663 1494 ἀείδοντες·
685 1431 747 1491 ἔστι
767 1431 796 1490 δὲ
812 1437 895 1520 Αἶγα

92 1518 194 1578 πτιστὶ
213 1516 230 1577 ὁ
250 1516 334 1580 Λίνος
356 1515 524 1594 καλεύμενος
551 1519 695 1595 Μανέρως.
731 1519 842 1595 ἔφασαν
863 1521 895 1581 δέ

92 1630 145 1682 μιν
156 1602 305 1687 Αἰγύπτιοι
319 1607 371 1664 τοῦ
384 1603 496 1682 πρώτου
507 1605 739 1682 βασιλεύσαντος
750 1607 894 1688 Αἰγύπτου

92 1693 183 1754 παῖδα
201 1691 370 1774 μουνογενέα
390 1693 532 1772 γενέσθαι·
564 1693 740 1757 ἀποθανόντα
764 1695 786 1756 δ’
811 1694 894 1758 αύτὸν

91 1780 199 1859 ἀνωρον
213 1779 342 1858 θρήνοισι
356 1780 484 1841 τούτοισι
499 1780 547 1842 ἀπ’
560 1786 718 1865 Αἰγυπτίων
731 1786 891 1863 τιμηθῆναι·

92 1870 141 1929 καὶ
157 1868 255 1945 ἀοιδήν
266 1893 298 1928 τε
314 1867 417 1945 ταύτην
431 1868 545 1947 πριύτην
558 1872 605 1929 καὶ
623 1871 729 1949 μούνην
744 1874 833 1948 σφίσι
847 1899 893 1955 γε-

91 1959 202 2020 νέσθαι.
236 1956 431 2034 Συμφέρονται
451 1957 481 2017 δὲ
502 1958 549 2017 καὶ
568 1959 632 2018 τόδε
651 1959 726 2020 ἀλλο
743 1959 892 2040 Αἰγύπτιοι
900 1963 939 2022 80

89 2044 237 2121 Ἑλλήνων
248 2042 377 2121 μούνοισι
389 2044 646 2122 Λακεδαιμονίοισι·
667 2049 694 2105 οἱ
707 2046 832 2124 νεώτεροι
845 2047 892 2108 αύ-

90 2138 146 2194 τῶν
154 2136 232 2194 τοῖσι
243 2132 465 2209 πρεσβυτέροισι
478 2132 716 2213 συντυγχάνοντες
726 2134 831 2193 εἴκουσι
841 2138 892 2211 τῆς

91 2222 158 2283 ἀδοΰ
176 2222 223 2281 καὶ
238 2219 431 2297 ἐκτρέπονται,
448 2220 495 2279 καὶ
512 2224 624 2279 ἐπιοῦσι
646 2220 677 2289 ἐξ
698 2221 776 2298 ἕδρης
797 2221 891 2282 ύπανι-

91 2312 201 2372 στέατι.
238 2308 302 2369 τόδε
322 2307 419 2383 μέντοι
437 2306 557 2367 ἄλλοισι
577 2307 722 2383 Ἑλλήνων
742 2308 891 2385 οὐδαμοῖσι
938 2376 947 2389 f

91 2400 296 2477 συμφέρονται·
317 2394 380 2456 ἀντὶ
396 2398 447 2455 τοῦ
462 2395 684 2477 προσαγορεύειν
701 2396 845 2473 ἀλλήλους
862 2403 892 2458 ἐν

90 2491 161 2566 τῇσι
177 2486 277 2556 ὁδοῖσι,
291 2483 497 2560 προσκυνέουσι
513 2484 652 2548 κατιέντες
668 2485 753 2564 μέχρι
765 2489 816 2545 τοῦ
827 2486 891 2566 γού-

91 2600 175 2638 νατος
194 2573 246 2649 τὴν
265 2575 356 2651 χεῖρα.
397 2570 578 2632 Ένδεδύκασι
598 2571 628 2631 δὲ
649 2573 765 2637 κιθῶνας
784 2575 936 2639 λινέους81

90 2664 157 2741 περὶ
169 2661 206 2722 τά
218 2659 323 2720 σκέλεα
333 2657 516 2729 θυσανωτούς,
527 2658 574 2724 οὓς
588 2660 723 2721 καλέουσι
734 2662 890 2739 καλασίρις·

90 2752 140 2811 ε’πὶ
155 2747 283 2810 τούτοισι
301 2746 330 2805 δὲ
351 2746 450 2823 εἰρίνεα
471 2747 572 2823 εἵματα
587 2746 675 2811 λευκά
694 2748 892 2824 ε’παναβληδάν

90 2838 240 2916 φορέουσι.
269 2831 301 2893 ού
315 2833 410 2911 μέντοι
424 2834 450 2896 ἔς
462 2858 495 2914 γε
508 2832 544 2893 τά
559 2833 605 2911 ἶρά
619 2835 770 2910 ἐσφέρεται
784 2834 891 2909 εἰρίνεα,

90 2926 156 2987 ούδὲ
170 2920 437 3006 συγκαταθάπτεταί
453 2926 519 2996 σφι·
541 2920 573 2980 ού
589 2919 643 3001 γάρ
664 2920 753 2980 ὅσιον.
787 2920 890 2996 ὁμολο-

89 3015 190 3095 γέουσι
205 3013 236 3071 δὲ
252 3011 340 3070 ταῖπα
357 3011 435 3067 τοῖσι
449 3006 615 3085 Ὀρφικοῖσι
634 3007 830 3082 καλεομένοισι
846 3008 892 3067 καὶ

90 3103 270 3179 Βακχαεοῖσι,
281 3098 360 3155 ἐοῦσι
369 3095 399 3154 δὲ
408 3095 591 3175 Αἰγυπτίοισι
601 3094 647 3152 καὶ
661 3093 891 3174 Πυθαγορείοισι·

90 3187 155 3248 οὐδὲ
166 3187 223 3267 γάρ
236 3181 340 3245 τούτων
351 3185 407 3242 τοῖν
417 3180 517 3263 ὀργίων
528 3181 684 3259 μετέχοντα
697 3179 777 3240 ὅσιόν
788 3182 849 3240 ε’στι
863 3184 893 3239 ἔν
