2150 3500
172 104 222 153 οιο
479 102 662 153 Ἣνοιοτοτ
868 108 875 117 ·
901 100 973 167 μιν

172 182 272 262 μένους
283 209 316 245 τε
328 184 375 245 καὶ
386 185 522 260 βοῶντας,
537 180 591 241 άνά
602 207 634 241 τε
649 181 771 259 ἔδραμον
782 180 975 258 πάλινάμφό-

171 296 247 348 τεροι
269 272 324 340 καὶ,
349 270 385 335 ῶς
408 271 512 347 ἔμαθον
534 269 568 329 τό
595 269 771 346 ποιεύμενον,
794 269 870 347 πρός
893 269 977 345 εἷλκόν

174 358 335 436 ἐτράποντο·
357 358 438 436 ὁμὲν
451 356 484 432 δὴ
503 356 593 417 αὐτῶν
610 357 711 432 φθάνει
727 357 766 418 τά
778 357 853 427 τόξα
868 357 978 416 κατελό

172 446 292 524 μενος,ό
311 446 341 506 δέ
358 446 429 523 πρός
445 444 498 520 τήν
515 441 621 524 αἰχμὴν
641 443 788 522 ἐτράπετο·
812 447 935 506 ἐνθαῦτα
952 446 979 504 δέ

174 534 346 616 συνέμισγον
361 532 527 608 ἀλλήλοισι·
548 536 587 611 τῷ
601 535 653 609 μέν
673 532 708 608 δη
726 531 769 592 τά,
785 532 859 602 τόξα
879 532 979 593 άναλα-

172 622 257 699 βάντι
279 622 376 693 αὐτῶν,
401 620 500 682 ἐόντων
520 646 552 681 τε
575 620 666 702 άγχοῢ
687 624 743 681 τῶν
766 622 918 697 πολεμίων
936 623 978 681 καὶ

173 710 389 788 προσκειμένων,
412 707 449 785 ἦν
471 708 585 788 χρηστά
609 706 698 768 ούδέν·
731 708 750 769 ό
777 708 801 767 δ’
828 709 980 787 ἐτεροςτῇ

175 802 264 879 αἰχμῇ
283 798 413 875 ἠμύνετο,
431 796 478 857 καὶ
497 801 582 859 τοῦτο
601 799 653 873 μὲν
664 796 844 872 Ἀσπαθίνην
857 799 937 857 παίει
956 804 981 860 ἐς

173 886 224 947 τόν
242 886 341 964 μηρόν,
358 889 442 947 τοῦτο
463 886 493 945 δέ
505 884 686 962 Ἰνταφέρνεα
706 889 734 948 ἐς
747 884 800 945 τόν
816 884 980 963 ὀφθαλμόν

175 976 222 1035 καὶ
240 973 377 1052 ἐστερήθη
395 976 447 1051 μέν
463 977 513 1033 τοῦ
527 972 681 1049 ὀφθαλμοῦ
697 977 728 1033 ἐκ
741 976 793 1032 τοῦ
805 973 981 1050 τρόματοςό

123 1104 130 1119 .
174 1062 360 1140 Ἰνταφέρνης,
384 1060 418 1123 ού
443 1060 541 1138 μέντοι
567 1059 689 1121 ἀπέθανέ
711 1086 754 1142 γε.
795 1065 855 1121 τῶν
874 1061 981 1138 μὲνδὴ

175 1150 283 1232 Μάγων
306 1147 419 1227 οὕτερος
441 1148 607 1226 τρωματίζει
629 1148 752 1211 τούτους·
783 1147 800 1207 ό
825 1149 857 1208 δέ
881 1150 981 1226 ἔτερος,

176 1239 238 1299 ἐπεί
246 1237 278 1299 τέ
292 1240 319 1298 οἱ
330 1237 367 1297 τά
379 1236 449 1307 τόξα
466 1234 547 1296 ούδέν
561 1236 675 1315 χρηστά
694 1236 814 1317 ἐγένετο,
828 1235 865 1314 ἦν
877 1237 938 1317 γάρ
949 1238 983 1314 δὴ

177 1327 305 1405 θάλαμος
324 1324 430 1405 ἐσέχων
450 1328 478 1387 ἐς
496 1323 548 1383 Τὁν
564 1323 710 1400 ἀνδρεῶνα,
731 1328 760 1386 ἐς
776 1327 880 1384 τοῦτον
901 1350 983 1385 κατα·

177 1415 284 1497 φεύγει,
298 1413 387 1475 θέλων
406 1410 491 1472 αύτοῦ
510 1412 677 1489 προσθεῖναι
695 1410 746 1474 τάς
766 1410 864 1489 θύρας·
887 1412 939 1471 καί
956 1417 983 1472 οἱ

177 1502 402 1569 συνεσπίπτουσι
420 1503 475 1561 τῶν
495 1498 567 1560 ἔπτὰ
585 1497 644 1569 δύο,
666 1498 785 1577 Δαρεῖός
803 1525 837 1559 τε
857 1500 907 1559 καὶ
927 1507 984 1560 Γω-

177 1589 277 1667 βρύης·
311 1587 525 1666 συμπλακέντος
551 1587 581 1647 δέ
607 1586 746 1665 Γοβρύεω
771 1592 811 1666 τῷ
837 1587 940 1670 Μάγερ,
967 1588 984 1648 ό
1046 1661 1047 1670 ¹

178 1680 298 1755 Δαρεῖος
317 1675 454 1739 ἐπεστεῶς
472 1674 582 1753 ἠπόρει,
600 1675 693 1735 οἶα-ἐν
709 1674 807 1736 σκότεϊ
824 1678 983 1754 προμηθεό-

177 1791 260 1843 μενος
274 1765 314 1842 μὴ
330 1763 431 1843 πλήξῃ·
442 1764 492 1824 τόν
508 1763 656 1841 Γωβρύην·
677 1762 763 1841 όρέων
779 1763 810 1824 δέ
827 1790 878 1842 μιν
896 1765 986 1847 ἀργόν

178 1857 337 1914 ἐπεστεῶτα
362 1851 378 1911 ό
404 1851 550 1930 Γωβρύης,
570 1852 659 1930 εἴρετο
678 1851 695 1912 ὅ
714 1877 743 1913 τι
766 1849 799 1912 ού
822 1857 930 1930 χρᾶται
947 1857 986 1932 τῇ

178 1942 243 2022 χερί
249 1966 257 2012 ;
278 1940 294 2000 ό
313 1940 343 2000 δέ
361 1939 430 2000 εἶπε·
451 1949 469 1974 “
477 1939 705 2017 προμηθεόμενος
720 1938 782 2010 σέο,
797 1940 839 2016 μή
857 1939 985 2016 πλήξω·”

179 2028 314 2108 Γωβρύης
330 2029 360 2088 δὲ
376 2027 520 2106 άμείβετο·
542 2037 559 2062 “
569 2025 634 2087 ὤθει
649 2027 696 2087 καὶ
713 2026 747 2086 δι’
765 2025 937 2104 ἀμφοτέρων
949 2030 985 2089 τό

181 2116 288 2197 ξίφος·”
316 2120 435 2195 Δαρεῖος
460 2115 490 2174 δέ
515 2114 690 2192 πειθόμενος,
711 2112 769 2176 ὦσέ
788 2140 820 2176 τε
839 2115 875 2177 τά
896 2121 986 2198 ἔγχει·

182 2207 271 2284 ριδιον
283 2205 329 2266 καὶ
342 2204 423 2284 ἔτυχέ
435 2229 487 2266 κως
499 2206 550 2262 τοῦ
564 2202 678 2283 Μάγου.

134 2295 172 2356 79
220 2293 448 2356 Ἀποκτείναντες
464 2291 494 2352 δέ
510 2291 575 2354 τούς
591 2290 712 2371 Μάγους
727 2290 774 2349 καὶ
791 2289 987 2368 ἀποταμόντες

181 2381 270 2441 αὖτῶν
295 2380 346 2444 τάς
372 2379 506 2456 κεφαλάς,
525 2379 591 2443 τούς
617 2381 669 2455 μὲν
694 2380 853 2457 τρωματίας
880 2385 986 2442 ἑωυτῶν

182 2467 266 2528 αὐτοῦ
284 2467 425 2537 λείπουσι,
442 2467 488 2526 καὶ
503 2466 654 2544 ἀδυνασίης
672 2466 774 2527 εἵνεκεν
790 2468 837 2527 καὶ
853 2474 987 2545 φυλακῆς

181 2559 233 2631 τῆς
253 2553 431 2631 άκροπόλιος·
472 2557 500 2614 οἱ
521 2555 551 2614 δέ
574 2554 658 2615 πέντε
684 2554 774 2617 αύτῶν
797 2556 912 2636 ἔχοντες
930 2564 988 2619 τῶν

183 2642 291 2725 Μάγων
302 2641 353 2706 τάς
366 2640 502 2722 κεφαλάς,
519 2642 598 2702 ἔθεον
614 2643 665 2712 ἔξω
680 2644 740 2721 βοῇ
760 2668 792 2703 τε
808 2645 856 2702 καὶ
869 2645 988 2728 πατάγῳ

183 2731 343 2813 χρεόμενοι·
371 2730 417 2790 καὶ
437 2728 554 2806 Πέρσας
572 2729 638 2794 τούς
664 2729 771 2794 ἅλλους
790 2732 987 2804 ἐπεκαλέοντο,

185 2819 362 2900 ἐξηγεόμενοί
370 2843 402 2879 τε
414 2817 448 2878 τό
460 2821 579 2898 πρῆγμα
592 2818 638 2876 καὶ
654 2817 823 2882 δεικνύοντες
833 2819 887 2883 τάς
899 2828 988 2897 κεφα-

183 2909 245 2971 λάς·
272 2908 318 2966 καὶ
333 2905 393 2983 ἅμα
413 2906 531 2965 ἔκτεινον
547 2903 640 2965 πάντα
658 2905 721 2964 τινά
740 2909 797 2966 τῶν
811 2907 923 2989 Μάγων
938 2909 989 2970 τόν

185 3000 215 3054 ἐν
236 2994 307 3052 ποσὶ
324 2991 480 3074 γινόμενον.
521 2993 549 3049 οἶ
566 2989 597 3049 δέ
617 2991 731 3068 Πέρσαι
750 2993 889 3070 μαθόντες
905 2997 990 3057 τότε

185 3079 300 3158 γεγονός
321 3084 352 3137 ἐκ
366 3082 422 3138 τῶν
440 3077 510 3136 ἑπτά
528 3076 574 3135 καὶ
588 3080 645 3137 τῶν
665 3079 774 3159 Μάγων
793 3081 846 3155 τὴν
866 3081 989 3159 α’πάτην,

184 3165 317 3223 ἐδικαίευν
332 3165 378 3222 καὶ
396 3163 474 3222 αὐτοὶ
493 3162 573 3238 ἕτερα
589 3167 704 3223 τοιαῦτα
722 3167 838 3228 ποιέειν·
873 3170 989 3230 σπασά-

183 3272 263 3320 μενοι
282 3249 311 3306 δέ
330 3249 367 3307 τά
386 3248 537 3328 ἐγχειρίδια
560 3249 680 3308 ἔκτεινον
706 3249 774 3311 ὅκου
800 3255 864 3313 τινά
885 3257 992 3337 Μάγον
