2150 3500
171 95 223 143 περ
474 92 657 143 Ἧυοιοτοτ
909 92 978 157 [111.

172 170 227 233 ύπά
252 175 317 252 γῆν.
357 170 527 248 θερμότατος
553 171 586 231 δέ
611 176 674 232 ε’στι
699 171 717 233 ό
738 171 823 248 ἥλιος
849 170 981 232 τούτοισι

171 263 248 319 τοῖσι
273 258 445 335 ἀνθρώποισι
470 258 504 318 τά
535 258 656 329 ἑωθινόν,
682 258 716 319 οὗ
747 258 877 336 κατάπερ
902 263 982 319 τοῖσι

171 344 289 406 άλλοισι
314 346 503 422 μεσαμβρίης,
531 346 598 405 ἀλλ’
625 346 792 424 ὑπερτείλας
817 348 923 424 μέχρις
948 345 981 405 ού

172 433 277 515 ἀγορῆς
289 432 443 497 διαλύσιος·
457 438 556 494 τοῦτον
569 434 600 492 δὲ
611 434 662 494 τάν
674 434 778 512 χρόνον
791 434 866 492 καίει
878 438 982 510 πολλῷ

173 525 287 599 μᾶλλον
306 520 324 597 ἢ
342 524 378 600 τῇ
395 522 562 600 μεσαμβρίῃ
581 521 634 599 τὴν
652 520 790 591 Ἑλλάδα,
804 520 895 585 οὕτως
914 520 981 581 ὥστ’

174 614 203 671 ἓν
222 608 302 669 ὕδατι
320 608 407 691 λόγος
428 608 528 673 αὐτούς
549 614 613 669 ε’στι
634 609 795 689 βρέχεσθαι
814 612 980 683 τηνικαῦτα·

172 701 304 773 μεσοῦσα
331 696 361 756 δὲ
386 695 406 772 ἦ
432 696 524 774 ἡμέρη
548 696 654 776 σχεδόν
676 696 887 774 παραπλησίως
911 696 982 755 καίει

171 783 237 847 τούς
255 780 287 843 τε
302 782 408 849 ἀλλους
428 782 590 862 ἀνθρώπους
610 784 657 844 καὶ
675 784 742 847 τούς
753 783 870 861 Ἰνδούς.
914 783 981 843 ἀπο-

173 871 339 948 κλινομένης
356 872 385 931 δὲ
399 876 451 946 τῆς
465 874 656 949 μεσαμβρίης,
672 872 781 955 γίνεταί
795 878 854 947 σφι
870 871 887 931 ὁ
901 871 983 947 ἥλιος
1049 951 1050 956 1

174 958 296 1035 κατάπερ
309 963 386 1019 τοῖσι
399 958 547 1021 ἀλλοισιό
562 959 681 1024 ἑωθινός·
701 961 748 1019 καὶ
759 958 794 1019 τό
808 958 868 1019 ἀπδ
880 960 982 1020 τούτου

174 1045 258 1107 ε’πιιδν
276 1047 321 1107 ἐπὶ
336 1050 449 1125 μᾶλλον
467 1047 560 1127 ψύχει,
577 1054 606 1112 ἐς
622 1047 639 1109 ό
655 1048 702 1108 ἐπὶ
717 1048 848 1125 δυσμῇσι
866 1047 922 1107 εἰδν
937 1047 983 1106 καὶ

128 1136 185 1195 105
193 1134 227 1195 τά
241 1133 329 1212 κάρτα
346 1135 439 1216 ψύχει.
479 1135 584 1197 Ἐπεάν
599 1137 630 1196 δέ
649 1136 755 1196 ἔλθωσι
772 1140 801 1199 ἔς
820 1134 873 1195 τάν
888 1138 982 1213 χῶρον

174 1224 202 1284 οἱ
218 1222 301 1283 Ἰνδοὶ
319 1224 428 1303 ἔχοντες
451 1223 580 1295 θυλάκια,
599 1223 798 1302 ἐμπλήσαντες
817 1227 913 1283 ταῦτα
932 1227 983 1298 τῆς

175 1308 292 1389 ψάμμου
304 1312 355 1387 την
367 1312 506 1391 ταχίστην
519 1311 671 1372 ἐλαύνουσι
687 1310 790 1372 ὀπίσω·
811 1309 916 1369 αὐτίκα
928 1310 982 1390 γάρ

176 1402 204 1458 οἱ
224 1399 366 1477 μύρμηκες
388 1398 461 1478 ὀδμῇ
481 1398 530 1481 (ἀς
552 1399 586 1476 δη
609 1400 724 1480 λέγεται
749 1396 806 1458 ἀπό
830 1397 982 1479 Περσέων)

175 1485 311 1561 μαθόντες
328 1486 468 1547 διώκουσι·
493 1488 563 1547 εἶναι
578 1487 608 1546 δὲ
623 1486 766 1567 παχύτητα
784 1484 877 1545 οὐδενὶ
899 1486 983 1564 ἑτέρῳ

176 1572 281 1649 ὁμοῖον,
295 1573 366 1635 οὕτω
380 1574 460 1645 ὥστε,
474 1579 499 1635 εἶ
510 1575 552 1652 μή
568 1574 784 1654 προλαμβάνειν
797 1573 865 1637 τούς
875 1572 984 1637 Ἰνδούς

113 1730 119 1740 k
175 1665 226 1735 τῆς
246 1661 311 1721 ὁδοῦ
329 1666 359 1721 ε’ν
374 1660 395 1741 ᾧ
409 1663 475 1727 τούς
495 1662 642 1741 μύρμηκας
659 1661 864 1743 συλλέγεσθαι,
882 1660 984 1721 οὐδένα
1049 1659 1050 1666 ¹

176 1745 211 1809 ἀν
228 1755 325 1826 σφεων
343 1750 551 1824 ἀποσώζεσθαι·
573 1752 640 1816 τοῦς
657 1751 709 1828 μέν
726 1776 775 1810 νυν
794 1750 914 1827 ἔρσενας
929 1754 984 1810 τῶν

178 1837 310 1914 καμήλων
328 1838 410 1919 (εἶναι
425 1840 481 1922 γάρ
498 1838 626 1914 ἥσσονας
643 1840 703 1900 θεῖν
720 1842 775 1899 τῶν
793 1837 918 1918 θηλέων)
937 1838 982 1897 καὶ
1048 1870 1049 1907 3

176 1925 372 2003 παραλύεσθαι
395 1929 598 2004 ἐπελκομένους
623 1926 674 1987 ούκ
697 1925 769 2002 ὁμοῦ
792 1923 981 2002 ἀμφοτέρους·

178 2013 228 2078 τάς
241 2015 271 2074 δὲ
284 2016 387 2092 θηλέας
401 2014 682 2093 ἀναμιμνησκομένας
697 2015 754 2073 τῶν
769 2013 870 2074 ἔλιπον
881 2013 983 2073 τέκνων

179 2102 312 2164 ἐνδιδόναι
337 2102 467 2181 μαλακάν
487 2101 577 2164 οὐδέν.
617 2100 669 2162 τάν
689 2103 742 2178 μὲν
767 2098 803 2175 δὴ
829 2100 911 2160 πλέω
934 2097 982 2161 τού

177 2195 287 2269 χρυσοῦ
309 2192 380 2252 οὕτω
402 2195 429 2251 οἶ
448 2190 531 2251 Ἰνδοὶ
554 2193 680 2261 κτῶνται,
701 2187 738 2252 ὥς
760 2188 876 2265 Πέρσαι
897 2187 981 2264 φασί·
1046 2257 1047 2262 ¹

179 2277 269 2341 ἀλλος
295 2279 324 2340 δὲ
350 2276 539 2357 σπανιάτερός
560 2282 622 2340 ε’στι
645 2282 675 2338 έν
697 2280 734 2356 τῇ
757 2273 836 2356 χάρη
860 2275 981 2353 όρυσσό·

178 2390 270 2440 μενος.

133 2453 190 2511 106
232 2457 269 2512 Αἱ
287 2454 310 2513 δ’
329 2457 462 2535 ἐσχατιαί
478 2481 530 2520 κως
545 2460 597 2533 τῆς
612 2453 773 2532 οἰκουμένης
787 2450 825 2512 τά
838 2451 980 2512 κάλλιστα

180 2541 291 2618 ἔλαχον,
319 2542 441 2620 κατάπερ
467 2543 487 2618 ἦ
512 2543 621 2608 Ἑλλάς
645 2542 696 2606 τάς
722 2540 794 2618 ιύρας
819 2539 934 2600 πολλόν
953 2564 980 2599 τι

180 2626 322 2704 κάλλιστα
340 2630 508 2709 κεκραμένας
529 2632 625 2710 ἔλαχε.
659 2633 742 2690 τοῦτο
762 2626 892 2709 μὲνγὰρ
912 2625 980 2704 πρδς
1044 2675 1046 2679 -

179 2715 231 2793 τὴν
245 2717 279 2775 ἕω
293 2717 399 2797 ἐσχάτη
412 2721 467 2781 τῶν
477 2719 640 2795 οἰκεομένων
652 2717 672 2793 ἦ
684 2715 787 2777 Ἰνδικά
800 2720 872 2785 ἔστι,
886 2714 978 2791 ὥσπερ

180 2803 278 2885 ὀλίγον
299 2806 436 2884 πρότερον
459 2807 564 2883 εἴρηκα·
599 2811 629 2866 ἐν
650 2804 747 2883 ταύτῃ,
769 2807 853 2863 τοῦτο
874 2806 928 2880 μὲν
945 2801 979 2862 τά

181 2891 293 2971 ἔμψυχα
307 2893 463 2970 τετράποδά
474 2919 506 2954 τε
524 2893 571 2952 καὶ
587 2893 624 2952 τά
641 2892 748 2969 πετηνά
763 2894 866 2970 πολλῷ
877 2887 978 2968 μέζωῆ

181 2981 211 3036 ἐν
227 2983 305 3039 τοῖσι
321 2980 440 3040 άλλοισι
457 2980 590 3060 χωρίοισί
607 2986 678 3049 ἐστι,
696 2979 788 3056 πάρεξ
803 2983 860 3038 τῶν
882 2978 977 3037 ἵππων·

180 3063 267 3142 τούτῳ
283 3066 313 3126 δὲ
333 3071 483 3128 ἑσσοῦνται
497 3065 553 3125 ύπδ
570 3071 626 3126 τῶν
642 3067 786 3142 Μηδικῶν,
805 3067 935 3127 Νισαίων
951 3065 978 3124 δὲ

180 3152 361 3226 καλευμένων,
371 3153 470 3212 ἵππων·
489 3157 574 3212 τοῦτο
586 3153 617 3212 δὲ
629 3153 736 3233 χρυσός
749 3153 874 3218 ἀπλετος
886 3151 977 3214 αὐτόθι

180 3233 250 3302 ἕστὶ,
266 3235 282 3293 ὁ
298 3241 350 3312 μὲν
367 3236 567 3314 ὀρυσσόμενος,
586 3237 603 3297 ὁ
620 3239 651 3297 δὲ
667 3239 913 3317 καταφορεύμενος
926 3237 976 3299 ύτδ
