<?xml version="1.0" encoding="UTF-8"?>
<!DOCTYPE html PUBLIC "-//W3C//DTD XHTML 1.0 Transitional//EN"
    "http://www.w3.org/TR/xhtml1/DTD/xhtml1-transitional.dtd">
<html xmlns="http://www.w3.org/1999/xhtml" xml:lang="en" lang="en">
 <head>
  <title>
</title>
<meta http-equiv="Content-Type" content="text/html;charset=utf-8" />
  <meta name='ocr-system' content='tesseract 3.04.00' />
  <meta name='ocr-capabilities' content='ocr_page ocr_carea ocr_par ocr_line ocrx_word'/>
</head>
<body>
  <div class='ocr_page' id='page_1' title='image "./herodotus00blakgoog_0132.png"; bbox 0 0 2150 3500; ppageno 0'>
   <div class='ocr_carea' id='block_1_1' title="bbox 56 99 969 3341">
    <p class='ocr_par' dir='ltr' id='par_1_1' title="bbox 56 99 969 3341">
     <span class='ocr_line' id='line_1_1' title="bbox 100 99 969 170; baseline -0.005 -13"><span class='ocrx_word' id='word_1_1' title='bbox 100 103 180 170; x_wconf 78' lang='lat'><strong>5—8]</strong></span> <span class='ocrx_word' id='word_1_2' title='bbox 418 104 584 157; x_wconf 77' lang='grc' dir='ltr'><strong>ιιτιαιιιιι.</strong></span> <span class='ocrx_word' id='word_1_3' title='bbox 853 105 899 154; x_wconf 90' lang='grc' dir='ltr'>ιιι</span> <span class='ocrx_word' id='word_1_4' title='bbox 968 99 969 102; x_wconf 73' lang='grc'>’</span> 
     </span>
     <span class='ocr_line' id='line_1_2' title="bbox 92 181 901 266; baseline 0.001 -22"><span class='ocrx_word' id='word_1_5' title='bbox 92 182 230 260; x_wconf 76' lang='grc' dir='ltr'>ἐξήκοντα</span> <span class='ocrx_word' id='word_1_6' title='bbox 247 181 360 246; x_wconf 86' lang='grc' dir='ltr'>στάδια.</span> <span class='ocrx_word' id='word_1_7' title='bbox 389 182 460 244; x_wconf 74' lang='grc' dir='ltr'>οὕτω</span> <span class='ocrx_word' id='word_1_8' title='bbox 472 183 508 245; x_wconf 77' lang='grc' dir='ltr'>ἂν</span> <span class='ocrx_word' id='word_1_9' title='bbox 521 184 620 260; x_wconf 83' lang='grc' dir='ltr'>εἴησαν</span> <span class='ocrx_word' id='word_1_10' title='bbox 633 182 778 266; x_wconf 72' lang='grc' dir='ltr'>Αἰγύπτου</span> <span class='ocrx_word' id='word_1_11' title='bbox 790 183 901 246; x_wconf 81' lang='grc' dir='ltr'><strong>στάδιοι</strong></span> 
     </span>
     <span class='ocr_line' id='line_1_3' title="bbox 92 263 926 343; baseline 0.006 -18"><span class='ocrx_word' id='word_1_12' title='bbox 92 264 237 336; x_wconf 78' lang='grc' dir='ltr'><strong>ἑξακόσιοι</strong></span> <span class='ocrx_word' id='word_1_13' title='bbox 255 265 301 324; x_wconf 94' lang='grc' dir='ltr'>καί</span> <span class='ocrx_word' id='word_1_14' title='bbox 320 266 485 343; x_wconf 78' lang='grc' dir='ltr'><strong>τρισχίλιοι,</strong></span> <span class='ocrx_word' id='word_1_15' title='bbox 497 263 532 324; x_wconf 82' lang='grc' dir='ltr'>τό</span> <span class='ocrx_word' id='word_1_16' title='bbox 545 265 623 343; x_wconf 77' lang='grc' dir='ltr'>παρὰ</span> <span class='ocrx_word' id='word_1_17' title='bbox 636 265 797 327; x_wconf 89' lang='grc' dir='ltr'>θάλασσαν.</span> <span class='ocrx_word' id='word_1_18' title='bbox 837 264 926 330; x_wconf 65' lang='lat' dir='ltr'><strong>&#39;Er-7</strong></span> 
     </span>
     <span class='ocr_line' id='line_1_4' title="bbox 91 352 900 432; baseline 0.001 -18"><span class='ocrx_word' id='word_1_19' title='bbox 91 354 191 414; x_wconf 82' lang='grc' dir='ltr'>θεῦτεν</span> <span class='ocrx_word' id='word_1_20' title='bbox 213 355 266 431; x_wconf 77' lang='grc' dir='ltr'>μὲν</span> <span class='ocrx_word' id='word_1_21' title='bbox 293 353 443 432; x_wconf 80' lang='grc' dir='ltr'>καὶμέχρι</span> <span class='ocrx_word' id='word_1_22' title='bbox 461 352 664 418; x_wconf 87' lang='grc' dir='ltr'><strong>Ἡλιουπόλιος</strong></span> <span class='ocrx_word' id='word_1_23' title='bbox 691 359 719 417; x_wconf 77' lang='grc' dir='ltr'>ἐς</span> <span class='ocrx_word' id='word_1_24' title='bbox 740 353 792 430; x_wconf 73' lang='grc' dir='ltr'>τὴν</span> <span class='ocrx_word' id='word_1_25' title='bbox 813 353 900 431; x_wconf 90' lang='grc' dir='ltr'>μεσά·</span> 
     </span>
     <span class='ocr_line' id='line_1_5' title="bbox 90 440 900 523; baseline 0.001 -22"><span class='ocrx_word' id='word_1_26' title='bbox 90 466 178 523; x_wconf 87' lang='grc' dir='ltr'>γαιαν</span> <span class='ocrx_word' id='word_1_27' title='bbox 200 443 262 502; x_wconf 79' lang='grc' dir='ltr'><strong>ἔστι</strong></span> <span class='ocrx_word' id='word_1_28' title='bbox 286 440 366 518; x_wconf 72' lang='grc' dir='ltr'>εὐρέα</span> <span class='ocrx_word' id='word_1_29' title='bbox 387 441 537 522; x_wconf 80' lang='grc' dir='ltr'>Αἴγυπτος,</span> <span class='ocrx_word' id='word_1_30' title='bbox 562 445 648 502; x_wconf 80' lang='grc' dir='ltr'><strong>ἐοῦσα</strong></span> <span class='ocrx_word' id='word_1_31' title='bbox 665 445 746 502; x_wconf 76' lang='grc' dir='ltr'>πάσα</span> <span class='ocrx_word' id='word_1_32' title='bbox 765 440 849 518; x_wconf 81' lang='grc' dir='ltr'>ιίπτίη</span> <span class='ocrx_word' id='word_1_33' title='bbox 868 467 900 502; x_wconf 85' lang='grc' dir='ltr'>τε</span> 
     </span>
     <span class='ocr_line' id='line_1_6' title="bbox 92 527 896 607; baseline 0.002 -19"><span class='ocrx_word' id='word_1_34' title='bbox 92 530 142 589; x_wconf 93' lang='grc' dir='ltr'>καί</span> <span class='ocrx_word' id='word_1_35' title='bbox 154 528 278 607; x_wconf 76' lang='grc' dir='ltr'>ἄνυδρος,</span> <span class='ocrx_word' id='word_1_36' title='bbox 296 529 343 588; x_wconf 90' lang='grc' dir='ltr'>καί</span> <span class='ocrx_word' id='word_1_37' title='bbox 357 527 426 591; x_wconf 81' lang='grc' dir='ltr'><strong>ι’λός.</strong></span> <span class='ocrx_word' id='word_1_38' title='bbox 461 528 525 590; x_wconf 77' lang='grc' dir='ltr'><strong>ἔστι</strong></span> <span class='ocrx_word' id='word_1_39' title='bbox 545 527 575 588; x_wconf 81' lang='grc' dir='ltr'>δὲ</span> <span class='ocrx_word' id='word_1_40' title='bbox 593 528 657 594; x_wconf 80' lang='grc' dir='ltr'>άδός</span> <span class='ocrx_word' id='word_1_41' title='bbox 673 533 701 593; x_wconf 79' lang='grc' dir='ltr'>ἔς</span> <span class='ocrx_word' id='word_1_42' title='bbox 718 528 771 604; x_wconf 77' lang='grc' dir='ltr'>την</span> <span class='ocrx_word' id='word_1_43' title='bbox 783 529 896 590; x_wconf 78' lang='grc' dir='ltr'><strong>Ἡλιού-</strong></span> 
     </span>
     <span class='ocr_line' id='line_1_7' title="bbox 56 615 898 696; baseline 0.002 -19"><span class='ocrx_word' id='word_1_44' title='bbox 56 657 63 665; x_wconf 90' lang='lat'><strong>·</strong></span> <span class='ocrx_word' id='word_1_45' title='bbox 91 621 180 678; x_wconf 84' lang='grc' dir='ltr'><strong>πολιν</strong></span> <span class='ocrx_word' id='word_1_46' title='bbox 205 616 262 678; x_wconf 82' lang='grc' dir='ltr'>άπδ</span> <span class='ocrx_word' id='word_1_47' title='bbox 293 617 445 693; x_wconf 84' lang='grc' dir='ltr'>θαλάσσης</span> <span class='ocrx_word' id='word_1_48' title='bbox 471 615 528 676; x_wconf 77' lang='grc' dir='ltr'>α”νω</span> <span class='ocrx_word' id='word_1_49' title='bbox 557 615 627 678; x_wconf 81' lang='grc' dir='ltr'><strong>ἰόντι</strong></span> <span class='ocrx_word' id='word_1_50' title='bbox 652 618 839 696; x_wconf 80' lang='grc' dir='ltr'>παραπλησίη</span> <span class='ocrx_word' id='word_1_51' title='bbox 863 617 898 680; x_wconf 78' lang='grc' dir='ltr'>τά</span> 
     </span>
     <span class='ocr_line' id='line_1_8' title="bbox 90 703 897 784; baseline 0.001 -20"><span class='ocrx_word' id='word_1_52' title='bbox 90 708 183 783; x_wconf 81' lang='grc' dir='ltr'>μῆκος</span> <span class='ocrx_word' id='word_1_53' title='bbox 204 708 241 784; x_wconf 75' lang='grc' dir='ltr'>τῇ</span> <span class='ocrx_word' id='word_1_54' title='bbox 263 705 296 776; x_wconf 81' lang='grc' dir='ltr'>ἐξ</span> <span class='ocrx_word' id='word_1_55' title='bbox 313 705 453 781; x_wconf 80' lang='grc' dir='ltr'>Ἀθηνέων</span> <span class='ocrx_word' id='word_1_56' title='bbox 472 703 537 783; x_wconf 73' lang='grc' dir='ltr'>άδηῖ,</span> <span class='ocrx_word' id='word_1_57' title='bbox 561 709 598 784; x_wconf 80' lang='grc' dir='ltr'>τῇ</span> <span class='ocrx_word' id='word_1_58' title='bbox 618 704 676 766; x_wconf 82' lang='grc' dir='ltr'>α’πδ</span> <span class='ocrx_word' id='word_1_59' title='bbox 698 709 754 767; x_wconf 81' lang='grc' dir='ltr'>τῶν</span> <span class='ocrx_word' id='word_1_60' title='bbox 774 705 897 766; x_wconf 81' lang='grc' dir='ltr'>δυόδεκα</span> 
     </span>
     <span class='ocr_line' id='line_1_9' title="bbox 92 791 899 871; baseline 0.004 -19"><span class='ocrx_word' id='word_1_61' title='bbox 92 792 166 853; x_wconf 86' lang='grc' dir='ltr'>θεοῖν</span> <span class='ocrx_word' id='word_1_62' title='bbox 184 797 235 854; x_wconf 81' lang='grc' dir='ltr'>τοῦ</span> <span class='ocrx_word' id='word_1_63' title='bbox 253 794 355 871; x_wconf 80' lang='grc' dir='ltr'><strong>βωμοῦ</strong></span> <span class='ocrx_word' id='word_1_64' title='bbox 369 791 498 871; x_wconf 78' lang='grc' dir='ltr'><strong>φερούσῃ</strong></span> <span class='ocrx_word' id='word_1_65' title='bbox 514 794 542 856; x_wconf 84' lang='grc' dir='ltr'>ἔς</span> <span class='ocrx_word' id='word_1_66' title='bbox 558 818 590 867; x_wconf 81' lang='grc' dir='ltr'>τε</span> <span class='ocrx_word' id='word_1_67' title='bbox 609 794 707 855; x_wconf 87' lang='grc' dir='ltr'>Πίσαν</span> <span class='ocrx_word' id='word_1_68' title='bbox 723 794 769 854; x_wconf 85' lang='grc' dir='ltr'>καὶ</span> <span class='ocrx_word' id='word_1_69' title='bbox 785 795 830 854; x_wconf 86' lang='grc' dir='ltr'>ε’πί</span> <span class='ocrx_word' id='word_1_70' title='bbox 849 793 899 855; x_wconf 79' lang='grc' dir='ltr'>τόν</span> 
     </span>
     <span class='ocr_line' id='line_1_10' title="bbox 91 878 899 960; baseline 0.001 -20"><span class='ocrx_word' id='word_1_71' title='bbox 91 878 162 956; x_wconf 77' lang='grc' dir='ltr'>νηόν</span> <span class='ocrx_word' id='word_1_72' title='bbox 175 884 228 942; x_wconf 84' lang='grc' dir='ltr'>τοῦ</span> <span class='ocrx_word' id='word_1_73' title='bbox 241 881 310 945; x_wconf 75' lang='grc' dir='ltr'><strong>Διός</strong></span> <span class='ocrx_word' id='word_1_74' title='bbox 323 885 375 941; x_wconf 80' lang='grc' dir='ltr'>τοῦ</span> <span class='ocrx_word' id='word_1_75' title='bbox 390 879 560 960; x_wconf 84' lang='grc' dir='ltr'>Ὀλυμπίου.</span> <span class='ocrx_word' id='word_1_76' title='bbox 601 881 722 960; x_wconf 92' lang='grc' dir='ltr'>σμικρόν</span> <span class='ocrx_word' id='word_1_77' title='bbox 740 907 769 942; x_wconf 87' lang='grc' dir='ltr'>τι</span> <span class='ocrx_word' id='word_1_78' title='bbox 787 882 821 943; x_wconf 83' lang='grc' dir='ltr'><strong><em>πό</em></strong></span> <span class='ocrx_word' id='word_1_79' title='bbox 841 880 899 942; x_wconf 85' lang='grc' dir='ltr'><strong>διά-</strong></span> 
     </span>
     <span class='ocr_line' id='line_1_11' title="bbox 92 967 897 1049; baseline 0.004 -20"><span class='ocrx_word' id='word_1_80' title='bbox 92 973 185 1046; x_wconf 77' lang='grc' dir='ltr'>φορον</span> <span class='ocrx_word' id='word_1_81' title='bbox 198 968 273 1047; x_wconf 79' lang='grc' dir='ltr'>εὕροι</span> <span class='ocrx_word' id='word_1_82' title='bbox 284 993 327 1033; x_wconf 86' lang='grc' dir='ltr'>τις</span> <span class='ocrx_word' id='word_1_83' title='bbox 338 967 373 1030; x_wconf 79' lang='grc' dir='ltr'>ἂν</span> <span class='ocrx_word' id='word_1_84' title='bbox 385 968 568 1049; x_wconf 72' lang='grc' dir='ltr'><strong>λογιζόμενος</strong></span> <span class='ocrx_word' id='word_1_85' title='bbox 582 974 637 1031; x_wconf 83' lang='grc' dir='ltr'><strong>τιῖν</strong></span> <span class='ocrx_word' id='word_1_86' title='bbox 651 969 722 1031; x_wconf 84' lang='grc' dir='ltr'>άδοῖν</span> <span class='ocrx_word' id='word_1_87' title='bbox 733 971 852 1032; x_wconf 86' lang='grc' dir='ltr'>τουτέων</span> <span class='ocrx_word' id='word_1_88' title='bbox 864 970 897 1032; x_wconf 80' lang='grc' dir='ltr'>τό</span> 
     </span>
     <span class='ocr_line' id='line_1_12' title="bbox 90 1056 895 1134; baseline 0.002 -16"><span class='ocrx_word' id='word_1_89' title='bbox 90 1056 134 1134; x_wconf 74' lang='grc' dir='ltr'>μὴ</span> <span class='ocrx_word' id='word_1_90' title='bbox 144 1057 209 1121; x_wconf 87' lang='grc' dir='ltr'>ἰ’σας</span> <span class='ocrx_word' id='word_1_91' title='bbox 217 1060 307 1134; x_wconf 86' lang='grc' dir='ltr'>μῆκος</span> <span class='ocrx_word' id='word_1_92' title='bbox 320 1056 398 1128; x_wconf 83' lang='grc' dir='ltr'>εἶναι,</span> <span class='ocrx_word' id='word_1_93' title='bbox 412 1056 445 1118; x_wconf 82' lang='grc' dir='ltr'>οιί</span> <span class='ocrx_word' id='word_1_94' title='bbox 458 1057 548 1119; x_wconf 80' lang='grc' dir='ltr'>πλέον</span> <span class='ocrx_word' id='word_1_95' title='bbox 560 1059 756 1120; x_wconf 81' lang='grc' dir='ltr'>πεντεκαίδεκα</span> <span class='ocrx_word' id='word_1_96' title='bbox 766 1058 895 1120; x_wconf 79' lang='grc' dir='ltr'>σταδίων</span> 
     </span>
     <span class='ocr_line' id='line_1_13' title="bbox 91 1143 895 1227; baseline 0.004 -22"><span class='ocrx_word' id='word_1_97' title='bbox 91 1143 177 1221; x_wconf 72' lang='grc' dir='ltr'>ἡμῖν</span> <span class='ocrx_word' id='word_1_98' title='bbox 187 1144 244 1227; x_wconf 78' lang='grc' dir='ltr'>γάρ</span> <span class='ocrx_word' id='word_1_99' title='bbox 263 1150 291 1209; x_wconf 88' lang='grc' dir='ltr'>ε’ς</span> <span class='ocrx_word' id='word_1_100' title='bbox 310 1145 408 1206; x_wconf 87' lang='grc' dir='ltr'>Πίσαν</span> <span class='ocrx_word' id='word_1_101' title='bbox 424 1145 456 1215; x_wconf 76' lang='grc' dir='ltr'>ἐξ</span> <span class='ocrx_word' id='word_1_102' title='bbox 466 1144 606 1222; x_wconf 86' lang='grc' dir='ltr'>Ἀθηνέων</span> <span class='ocrx_word' id='word_1_103' title='bbox 624 1145 738 1208; x_wconf 83' lang='grc' dir='ltr'>καταδεῖ</span> <span class='ocrx_word' id='word_1_104' title='bbox 754 1147 895 1208; x_wconf 88' lang='grc' dir='ltr'>πεντεκαί·</span> 
     </span>
     <span class='ocr_line' id='line_1_14' title="bbox 91 1231 898 1313; baseline 0.004 -22"><span class='ocrx_word' id='word_1_105' title='bbox 91 1231 161 1292; x_wconf 89' lang='grc' dir='ltr'>δεκα</span> <span class='ocrx_word' id='word_1_106' title='bbox 173 1233 302 1304; x_wconf 86' lang='grc' dir='ltr'>σταδίων,</span> <span class='ocrx_word' id='word_1_107' title='bbox 317 1233 353 1298; x_wconf 79' lang='grc' dir='ltr'>οῖς</span> <span class='ocrx_word' id='word_1_108' title='bbox 369 1231 413 1310; x_wconf 77' lang='grc' dir='ltr'><em>μῆ</em></span> <span class='ocrx_word' id='word_1_109' title='bbox 433 1232 503 1293; x_wconf 85' lang='grc' dir='ltr'>εἶναι</span> <span class='ocrx_word' id='word_1_110' title='bbox 517 1233 709 1295; x_wconf 87' lang='grc' dir='ltr'>πεντακοσίων</span> <span class='ocrx_word' id='word_1_111' title='bbox 727 1235 774 1294; x_wconf 88' lang='grc' dir='ltr'>καί</span> <span class='ocrx_word' id='word_1_112' title='bbox 789 1235 898 1313; x_wconf 87' lang='grc' dir='ltr'><strong>χιλίων·</strong></span> 
     </span>
     <span class='ocr_line' id='line_1_15' title="bbox 91 1319 898 1401; baseline 0.004 -21"><span class='ocrx_word' id='word_1_113' title='bbox 91 1320 160 1396; x_wconf 74' lang='grc' dir='ltr'>ἠδὲ</span> <span class='ocrx_word' id='word_1_114' title='bbox 175 1325 204 1386; x_wconf 79' lang='grc' dir='ltr'>ές</span> <span class='ocrx_word' id='word_1_115' title='bbox 219 1320 407 1382; x_wconf 80' lang='grc' dir='ltr'><strong>Ἡλιούπολιν</strong></span> <span class='ocrx_word' id='word_1_116' title='bbox 427 1319 483 1382; x_wconf 84' lang='grc' dir='ltr'>οἷπδ</span> <span class='ocrx_word' id='word_1_117' title='bbox 504 1320 657 1398; x_wconf 75' lang='grc' dir='ltr'>θαλάσσης</span> <span class='ocrx_word' id='word_1_118' title='bbox 675 1325 783 1401; x_wconf 79' lang='grc' dir='ltr'>πληροῖ</span> <span class='ocrx_word' id='word_1_119' title='bbox 802 1326 830 1386; x_wconf 85' lang='grc' dir='ltr'>ές</span> <span class='ocrx_word' id='word_1_120' title='bbox 848 1322 898 1383; x_wconf 87' lang='grc' dir='ltr'>πδν</span> 
     </span>
     <span class='ocr_line' id='line_1_16' title="bbox 91 1407 925 1486; baseline 0.004 -18"><span class='ocrx_word' id='word_1_121' title='bbox 91 1407 215 1486; x_wconf 82' lang='grc' dir='ltr'>α’ριθμδν</span> <span class='ocrx_word' id='word_1_122' title='bbox 235 1413 341 1470; x_wconf 76' lang='grc' dir='ltr'>τοῦτον.</span> <span class='ocrx_word' id='word_1_123' title='bbox 377 1407 450 1469; x_wconf 66' lang='lat' dir='ltr'>’Ana</span> <span class='ocrx_word' id='word_1_124' title='bbox 471 1408 502 1468; x_wconf 77' lang='grc' dir='ltr'>δὲ</span> <span class='ocrx_word' id='word_1_125' title='bbox 520 1408 725 1473; x_wconf 84' lang='grc' dir='ltr'><strong>Ἡλιουπόλιος</strong></span> <span class='ocrx_word' id='word_1_126' title='bbox 744 1408 800 1471; x_wconf 82' lang='grc' dir='ltr'>ἅνω</span> <span class='ocrx_word' id='word_1_127' title='bbox 821 1409 925 1482; x_wconf 87' lang='grc' dir='ltr'>ἰόντι,8</span> 
     </span>
     <span class='ocr_line' id='line_1_17' title="bbox 91 1496 899 1580; baseline 0 -22"><span class='ocrx_word' id='word_1_128' title='bbox 91 1496 192 1573; x_wconf 76' lang='grc' dir='ltr'>στεινή</span> <span class='ocrx_word' id='word_1_129' title='bbox 211 1500 274 1558; x_wconf 84' lang='grc' dir='ltr'>ε’στι</span> <span class='ocrx_word' id='word_1_130' title='bbox 298 1497 449 1578; x_wconf 78' lang='grc' dir='ltr'>Αἴγυπτος.</span> <span class='ocrx_word' id='word_1_131' title='bbox 482 1523 520 1578; x_wconf 85' lang='grc' dir='ltr'>τη</span> <span class='ocrx_word' id='word_1_132' title='bbox 542 1499 595 1575; x_wconf 73' lang='grc' dir='ltr'>μὲν</span> <span class='ocrx_word' id='word_1_133' title='bbox 616 1497 672 1580; x_wconf 86' lang='grc' dir='ltr'>γιίρ</span> <span class='ocrx_word' id='word_1_134' title='bbox 692 1501 743 1575; x_wconf 74' lang='grc' dir='ltr'>τῆς</span> <span class='ocrx_word' id='word_1_135' title='bbox 761 1497 899 1577; x_wconf 80' lang='grc' dir='ltr'>Ἀραβίης</span> 
     </span>
     <span class='ocr_line' id='line_1_18' title="bbox 90 1583 898 1665; baseline 0.001 -20"><span class='ocrx_word' id='word_1_136' title='bbox 90 1583 159 1662; x_wconf 84' lang='grc' dir='ltr'>ὅρος</span> <span class='ocrx_word' id='word_1_137' title='bbox 181 1587 379 1664; x_wconf 81' lang='grc' dir='ltr'>παρατέταται,</span> <span class='ocrx_word' id='word_1_138' title='bbox 398 1586 487 1664; x_wconf 80' lang='grc' dir='ltr'>φέρον</span> <span class='ocrx_word' id='word_1_139' title='bbox 507 1585 555 1647; x_wconf 83' lang='grc' dir='ltr'>ἀπ’</span> <span class='ocrx_word' id='word_1_140' title='bbox 577 1584 680 1664; x_wconf 81' lang='grc' dir='ltr'>άρκτου</span> <span class='ocrx_word' id='word_1_141' title='bbox 699 1586 770 1664; x_wconf 83' lang='grc' dir='ltr'>τρδς</span> <span class='ocrx_word' id='word_1_142' title='bbox 788 1612 898 1665; x_wconf 91' lang='grc' dir='ltr'>μεσαμ-</span> 
     </span>
     <span class='ocr_line' id='line_1_19' title="bbox 91 1673 898 1756; baseline 0.009 -25"><span class='ocrx_word' id='word_1_143' title='bbox 91 1674 179 1752; x_wconf 86' lang='grc' dir='ltr'>βρίης</span> <span class='ocrx_word' id='word_1_144' title='bbox 192 1699 225 1735; x_wconf 87' lang='grc' dir='ltr'>τε</span> <span class='ocrx_word' id='word_1_145' title='bbox 241 1674 288 1734; x_wconf 91' lang='grc' dir='ltr'>καί</span> <span class='ocrx_word' id='word_1_146' title='bbox 303 1673 394 1746; x_wconf 89' lang='grc' dir='ltr'>νότου,</span> <span class='ocrx_word' id='word_1_147' title='bbox 408 1675 462 1735; x_wconf 92' lang='grc' dir='ltr'>αἰεί</span> <span class='ocrx_word' id='word_1_148' title='bbox 478 1673 533 1734; x_wconf 80' lang='grc' dir='ltr'>ἅνω</span> <span class='ocrx_word' id='word_1_149' title='bbox 546 1677 637 1736; x_wconf 90' lang='grc' dir='ltr'>τεῖνον</span> <span class='ocrx_word' id='word_1_150' title='bbox 650 1679 678 1739; x_wconf 74' lang='grc' dir='ltr'>ἐς</span> <span class='ocrx_word' id='word_1_151' title='bbox 693 1676 745 1753; x_wconf 75' lang='grc' dir='ltr'>την</span> <span class='ocrx_word' id='word_1_152' title='bbox 757 1674 898 1756; x_wconf 74' lang='grc' dir='ltr'>Ἐρυθρῆν</span> 
     </span>
     <span class='ocr_line' id='line_1_20' title="bbox 92 1762 897 1843; baseline 0.002 -20"><span class='ocrx_word' id='word_1_153' title='bbox 92 1764 266 1842; x_wconf 84' lang='grc' dir='ltr'>καλεομένην</span> <span class='ocrx_word' id='word_1_154' title='bbox 285 1762 447 1824; x_wconf 86' lang='grc' dir='ltr'>θάλασσαν·</span> <span class='ocrx_word' id='word_1_155' title='bbox 474 1767 504 1823; x_wconf 81' lang='grc' dir='ltr'>έν</span> <span class='ocrx_word' id='word_1_156' title='bbox 522 1767 562 1843; x_wconf 76' lang='grc' dir='ltr'>τῷ</span> <span class='ocrx_word' id='word_1_157' title='bbox 582 1766 612 1823; x_wconf 89' lang='grc' dir='ltr'>αἰ</span> <span class='ocrx_word' id='word_1_158' title='bbox 632 1765 794 1842; x_wconf 88' lang='grc' dir='ltr'><strong>λιθοτομίαι</strong></span> <span class='ocrx_word' id='word_1_159' title='bbox 813 1766 897 1825; x_wconf 82' lang='grc' dir='ltr'><strong>ἔνεισι</strong></span> 
     </span>
     <span class='ocr_line' id='line_1_21' title="bbox 91 1850 897 1931; baseline 0.001 -20"><span class='ocrx_word' id='word_1_160' title='bbox 91 1853 124 1911; x_wconf 90' lang='grc' dir='ltr'>αἰ</span> <span class='ocrx_word' id='word_1_161' title='bbox 144 1855 173 1915; x_wconf 81' lang='grc' dir='ltr'>ἐς</span> <span class='ocrx_word' id='word_1_162' title='bbox 190 1850 242 1916; x_wconf 82' lang='grc' dir='ltr'>τιίς</span> <span class='ocrx_word' id='word_1_163' title='bbox 261 1852 419 1930; x_wconf 83' lang='grc' dir='ltr'>πυραμίδας</span> <span class='ocrx_word' id='word_1_164' title='bbox 434 1852 656 1929; x_wconf 81' lang='grc' dir='ltr'>κατατμηθεῖσαι</span> <span class='ocrx_word' id='word_1_165' title='bbox 672 1852 723 1917; x_wconf 88' lang='grc' dir='ltr'>τοὶς</span> <span class='ocrx_word' id='word_1_166' title='bbox 738 1858 768 1915; x_wconf 82' lang='grc' dir='ltr'>ἐν</span> <span class='ocrx_word' id='word_1_167' title='bbox 783 1853 897 1931; x_wconf 79' lang='grc' dir='ltr'>Μέμφι.</span> 
     </span>
     <span class='ocr_line' id='line_1_22' title="bbox 90 1937 895 2021; baseline 0.006 -23"><span class='ocrx_word' id='word_1_168' title='bbox 90 1937 181 2017; x_wconf 81' lang='grc' dir='ltr'>ταότη</span> <span class='ocrx_word' id='word_1_169' title='bbox 193 1941 245 2016; x_wconf 74' lang='grc' dir='ltr'>μὲν</span> <span class='ocrx_word' id='word_1_170' title='bbox 256 1943 348 2021; x_wconf 81' lang='grc' dir='ltr'>λῆγον</span> <span class='ocrx_word' id='word_1_171' title='bbox 366 1937 539 2017; x_wconf 74' lang='grc' dir='ltr'>ἀνακάμπτει</span> <span class='ocrx_word' id='word_1_172' title='bbox 553 1944 581 2004; x_wconf 83' lang='grc' dir='ltr'>ἔς</span> <span class='ocrx_word' id='word_1_173' title='bbox 599 1939 642 2001; x_wconf 76' lang='grc' dir='ltr'>τά</span> <span class='ocrx_word' id='word_1_174' title='bbox 653 1941 759 2018; x_wconf 84' lang='grc' dir='ltr'>εἴρηται</span> <span class='ocrx_word' id='word_1_175' title='bbox 774 1940 808 2002; x_wconf 84' lang='grc' dir='ltr'><em>τό</em></span> <span class='ocrx_word' id='word_1_176' title='bbox 821 1940 895 2018; x_wconf 83' lang='grc' dir='ltr'>ὅρος·</span> 
     </span>
     <span class='ocr_line' id='line_1_23' title="bbox 90 2025 897 2109; baseline 0.004 -23"><span class='ocrx_word' id='word_1_177' title='bbox 90 2031 130 2107; x_wconf 81' lang='grc' dir='ltr'><strong><em>τῇ</em></strong></span> <span class='ocrx_word' id='word_1_178' title='bbox 142 2028 173 2087; x_wconf 78' lang='grc' dir='ltr'>δὲ</span> <span class='ocrx_word' id='word_1_179' title='bbox 184 2025 252 2088; x_wconf 78' lang='grc' dir='ltr'>αιῖτδ</span> <span class='ocrx_word' id='word_1_180' title='bbox 266 2030 367 2088; x_wconf 83' lang='grc' dir='ltr'>έωυτοιῖ</span> <span class='ocrx_word' id='word_1_181' title='bbox 382 2027 445 2087; x_wconf 85' lang='grc' dir='ltr'>ε’στί</span> <span class='ocrx_word' id='word_1_182' title='bbox 457 2026 643 2105; x_wconf 86' lang='grc' dir='ltr'>μακρότατον,</span> <span class='ocrx_word' id='word_1_183' title='bbox 664 2028 700 2092; x_wconf 79' lang='grc' dir='ltr'>αῖς</span> <span class='ocrx_word' id='word_1_184' title='bbox 713 2028 767 2109; x_wconf 82' lang='grc' dir='ltr'>έγοί</span> <span class='ocrx_word' id='word_1_185' title='bbox 780 2028 897 2089; x_wconf 89' lang='grc' dir='ltr'>ε’πυνθα·</span> 
     </span>
     <span class='ocr_line' id='line_1_24' title="bbox 91 2112 897 2193; baseline 0.004 -17"><span class='ocrx_word' id='word_1_186' title='bbox 91 2115 190 2193; x_wconf 88' lang='grc' dir='ltr'>νόμην,</span> <span class='ocrx_word' id='word_1_187' title='bbox 216 2114 266 2175; x_wconf 76' lang='grc' dir='ltr'>δύο</span> <span class='ocrx_word' id='word_1_188' title='bbox 285 2119 380 2192; x_wconf 82' lang='grc' dir='ltr'>μηνοῖν</span> <span class='ocrx_word' id='word_1_189' title='bbox 406 2112 474 2177; x_wconf 82' lang='grc' dir='ltr'>αὗτιί</span> <span class='ocrx_word' id='word_1_190' title='bbox 495 2115 565 2176; x_wconf 83' lang='grc' dir='ltr'>εἶναι</span> <span class='ocrx_word' id='word_1_191' title='bbox 590 2119 641 2192; x_wconf 84' lang='grc' dir='ltr'>τῆς</span> <span class='ocrx_word' id='word_1_192' title='bbox 661 2114 728 2176; x_wconf 79' lang='grc' dir='ltr'>ὁδοῦ</span> <span class='ocrx_word' id='word_1_193' title='bbox 754 2114 810 2176; x_wconf 84' lang='grc' dir='ltr'>άπιί</span> <span class='ocrx_word' id='word_1_194' title='bbox 830 2114 897 2191; x_wconf 78' lang='grc' dir='ltr'>ἠοῦς</span> 
     </span>
     <span class='ocr_line' id='line_1_25' title="bbox 91 2200 898 2282; baseline 0 -20"><span class='ocrx_word' id='word_1_195' title='bbox 91 2203 164 2282; x_wconf 77' lang='grc' dir='ltr'>πρός</span> <span class='ocrx_word' id='word_1_196' title='bbox 183 2203 314 2281; x_wconf 83' lang='grc' dir='ltr'>ἕσπέρην·</span> <span class='ocrx_word' id='word_1_197' title='bbox 339 2203 377 2264; x_wconf 77' lang='grc' dir='ltr'>τά</span> <span class='ocrx_word' id='word_1_198' title='bbox 402 2203 434 2263; x_wconf 81' lang='grc' dir='ltr'>δὲ</span> <span class='ocrx_word' id='word_1_199' title='bbox 452 2202 524 2282; x_wconf 77' lang='grc' dir='ltr'>πρός</span> <span class='ocrx_word' id='word_1_200' title='bbox 541 2200 595 2280; x_wconf 80' lang='grc' dir='ltr'>τήν</span> <span class='ocrx_word' id='word_1_201' title='bbox 613 2202 654 2279; x_wconf 77' lang='grc' dir='ltr'>ἠῶ</span> <span class='ocrx_word' id='word_1_202' title='bbox 677 2202 898 2280; x_wconf 75' lang='grc' dir='ltr'>λιβανωτοφόρα</span> 
     </span>
     <span class='ocr_line' id='line_1_26' title="bbox 92 2288 898 2370; baseline 0.002 -18"><span class='ocrx_word' id='word_1_203' title='bbox 92 2292 180 2353; x_wconf 69' lang='grc' dir='ltr'>αὐτοῦ</span> <span class='ocrx_word' id='word_1_204' title='bbox 199 2290 236 2353; x_wconf 80' lang='grc' dir='ltr'>τά</span> <span class='ocrx_word' id='word_1_205' title='bbox 260 2292 386 2370; x_wconf 87' lang='grc' dir='ltr'>τέρματα</span> <span class='ocrx_word' id='word_1_206' title='bbox 409 2290 487 2353; x_wconf 84' lang='grc' dir='ltr'>εἰναι.</span> <span class='ocrx_word' id='word_1_207' title='bbox 528 2293 613 2351; x_wconf 85' lang='grc' dir='ltr'>τοῦτο</span> <span class='ocrx_word' id='word_1_208' title='bbox 633 2290 687 2368; x_wconf 89' lang='grc' dir='ltr'>μέν</span> <span class='ocrx_word' id='word_1_209' title='bbox 711 2316 760 2351; x_wconf 91' lang='grc' dir='ltr'>νυν</span> <span class='ocrx_word' id='word_1_210' title='bbox 778 2289 813 2352; x_wconf 78' lang='grc' dir='ltr'>τό</span> <span class='ocrx_word' id='word_1_211' title='bbox 833 2288 898 2370; x_wconf 83' lang='grc' dir='ltr'>ὅρος</span> 
     </span>
     <span class='ocr_line' id='line_1_27' title="bbox 92 2376 896 2461; baseline -0.005 -18"><span class='ocrx_word' id='word_1_212' title='bbox 92 2384 205 2443; x_wconf 86' lang='grc' dir='ltr'><strong>τοιοῦτο</strong></span> <span class='ocrx_word' id='word_1_213' title='bbox 226 2381 296 2441; x_wconf 79' lang='grc' dir='ltr'>ε’στί.</span> <span class='ocrx_word' id='word_1_214' title='bbox 323 2379 372 2441; x_wconf 83' lang='grc' dir='ltr'>’τδ</span> <span class='ocrx_word' id='word_1_215' title='bbox 393 2379 424 2440; x_wconf 81' lang='grc' dir='ltr'>δί</span> <span class='ocrx_word' id='word_1_216' title='bbox 448 2376 521 2458; x_wconf 78' lang='grc' dir='ltr'>πρός</span> <span class='ocrx_word' id='word_1_217' title='bbox 542 2377 654 2457; x_wconf 85' lang='grc' dir='ltr'>Λιβόης</span> <span class='ocrx_word' id='word_1_218' title='bbox 673 2382 724 2455; x_wconf 70' lang='grc' dir='ltr'>τῆς</span> <span class='ocrx_word' id='word_1_219' title='bbox 744 2377 896 2461; x_wconf 69' lang='grc' dir='ltr'>Αἰγέστου,</span> 
     </span>
     <span class='ocr_line' id='line_1_28' title="bbox 91 2465 895 2547; baseline -0.001 -17"><span class='ocrx_word' id='word_1_220' title='bbox 91 2467 157 2547; x_wconf 83' lang='grc' dir='ltr'>ὅρος</span> <span class='ocrx_word' id='word_1_221' title='bbox 169 2465 245 2529; x_wconf 77' lang='grc' dir='ltr'>ἄλλο</span> <span class='ocrx_word' id='word_1_222' title='bbox 257 2468 387 2547; x_wconf 87' lang='grc' dir='ltr'>πέτρινον</span> <span class='ocrx_word' id='word_1_223' title='bbox 398 2466 482 2529; x_wconf 88' lang='grc' dir='ltr'>τείνει</span> <span class='ocrx_word' id='word_1_224' title='bbox 499 2470 529 2527; x_wconf 84' lang='grc' dir='ltr'>έν</span> <span class='ocrx_word' id='word_1_225' title='bbox 542 2470 581 2547; x_wconf 75' lang='grc' dir='ltr'>τῷ</span> <span class='ocrx_word' id='word_1_226' title='bbox 594 2469 624 2528; x_wconf 89' lang='grc' dir='ltr'>αἰ</span> <span class='ocrx_word' id='word_1_227' title='bbox 636 2467 788 2545; x_wconf 85' lang='grc' dir='ltr'>πυραμίδες</span> <span class='ocrx_word' id='word_1_228' title='bbox 801 2469 895 2541; x_wconf 80' lang='grc' dir='ltr'><strong>ἔνεισι,</strong></span> 
     </span>
     <span class='ocr_line' id='line_1_29' title="bbox 91 2555 897 2638; baseline 0.002 -21"><span class='ocrx_word' id='word_1_229' title='bbox 91 2556 198 2638; x_wconf 73' lang='grc' dir='ltr'>ψάμμῳ</span> <span class='ocrx_word' id='word_1_230' title='bbox 220 2557 425 2635; x_wconf 86' lang='grc' dir='ltr'>κατειλυμένον,</span> <span class='ocrx_word' id='word_1_231' title='bbox 446 2556 597 2634; x_wconf 80' lang='grc' dir='ltr'>τεταμένον</span> <span class='ocrx_word' id='word_1_232' title='bbox 617 2556 668 2618; x_wconf 78' lang='grc' dir='ltr'>τόν</span> <span class='ocrx_word' id='word_1_233' title='bbox 688 2555 772 2617; x_wconf 76' lang='grc' dir='ltr'>αὐτόν</span> <span class='ocrx_word' id='word_1_234' title='bbox 791 2556 897 2635; x_wconf 87' lang='grc' dir='ltr'>τρόπον</span> 
     </span>
     <span class='ocr_line' id='line_1_30' title="bbox 89 2642 893 2723; baseline 0 -16"><span class='ocrx_word' id='word_1_235' title='bbox 89 2646 140 2709; x_wconf 81' lang='grc' dir='ltr'>τόν</span> <span class='ocrx_word' id='word_1_236' title='bbox 153 2644 202 2706; x_wconf 89' lang='grc' dir='ltr'>καί</span> <span class='ocrx_word' id='word_1_237' title='bbox 213 2648 264 2705; x_wconf 81' lang='grc' dir='ltr'>τοῦ</span> <span class='ocrx_word' id='word_1_238' title='bbox 276 2643 415 2722; x_wconf 85' lang='grc' dir='ltr'>Ἀραβίου</span> <span class='ocrx_word' id='word_1_239' title='bbox 430 2643 467 2705; x_wconf 84' lang='grc' dir='ltr'>τιί</span> <span class='ocrx_word' id='word_1_240' title='bbox 478 2642 551 2723; x_wconf 79' lang='grc' dir='ltr'>τρεῖς</span> <span class='ocrx_word' id='word_1_241' title='bbox 565 2644 749 2723; x_wconf 84' lang='grc' dir='ltr'>μεσαμβρίην</span> <span class='ocrx_word' id='word_1_242' title='bbox 762 2645 893 2723; x_wconf 79' lang='grc' dir='ltr'>φέροντα.</span> 
     </span>
     <span class='ocr_line' id='line_1_31' title="bbox 89 2730 894 2812; baseline 0 -18"><span class='ocrx_word' id='word_1_243' title='bbox 89 2734 125 2795; x_wconf 79' lang='grc' dir='ltr'>τό</span> <span class='ocrx_word' id='word_1_244' title='bbox 142 2732 232 2810; x_wconf 72' lang='grc' dir='ltr'>αἰνδὴ</span> <span class='ocrx_word' id='word_1_245' title='bbox 253 2731 310 2793; x_wconf 82' lang='grc' dir='ltr'>άπιί</span> <span class='ocrx_word' id='word_1_246' title='bbox 325 2730 529 2797; x_wconf 82' lang='grc' dir='ltr'><strong>Ἠλιουπόλιος</strong></span> <span class='ocrx_word' id='word_1_247' title='bbox 547 2731 639 2793; x_wconf 76' lang='grc' dir='ltr'>οὐκέτι</span> <span class='ocrx_word' id='word_1_248' title='bbox 658 2731 770 2794; x_wconf 86' lang='grc' dir='ltr'>πολλδν</span> <span class='ocrx_word' id='word_1_249' title='bbox 783 2734 894 2812; x_wconf 88' lang='grc' dir='ltr'>χωρίον,</span> 
     </span>
     <span class='ocr_line' id='line_1_32' title="bbox 91 2818 897 2903; baseline -0.005 -18"><span class='ocrx_word' id='word_1_250' title='bbox 91 2820 128 2885; x_wconf 75' lang='grc' dir='ltr'>ὥς</span> <span class='ocrx_word' id='word_1_251' title='bbox 141 2820 212 2882; x_wconf 88' lang='grc' dir='ltr'>εἰναι</span> <span class='ocrx_word' id='word_1_252' title='bbox 223 2820 378 2903; x_wconf 82' lang='grc' dir='ltr'>Αἰγόπτου·</span> <span class='ocrx_word' id='word_1_253' title='bbox 398 2818 465 2880; x_wconf 76' lang='grc' dir='ltr'>ἀλλ’</span> <span class='ocrx_word' id='word_1_254' title='bbox 480 2819 551 2883; x_wconf 84' lang='grc' dir='ltr'>ὅσον</span> <span class='ocrx_word' id='word_1_255' title='bbox 565 2846 598 2881; x_wconf 89' lang='grc' dir='ltr'>τε</span> <span class='ocrx_word' id='word_1_256' title='bbox 611 2819 736 2898; x_wconf 76' lang='grc' dir='ltr'>ἡμερέων</span> <span class='ocrx_word' id='word_1_257' title='bbox 754 2820 897 2899; x_wconf 86' lang='grc' dir='ltr'>τεσσέρων</span> 
     </span>
     <span class='ocr_line' id='line_1_33' title="bbox 90 2906 897 2989; baseline -0.002 -20"><span class='ocrx_word' id='word_1_258' title='bbox 90 2906 238 2969; x_wconf 83' lang='grc' dir='ltr'>άναπλάου</span> <span class='ocrx_word' id='word_1_259' title='bbox 263 2907 361 2985; x_wconf 82' lang='grc' dir='ltr'>στεινή</span> <span class='ocrx_word' id='word_1_260' title='bbox 388 2912 459 2981; x_wconf 90' lang='grc' dir='ltr'>ε’στι,</span> <span class='ocrx_word' id='word_1_261' title='bbox 485 2907 628 2989; x_wconf 77' lang='grc' dir='ltr'>Αἴγυπτος</span> <span class='ocrx_word' id='word_1_262' title='bbox 654 2911 751 2967; x_wconf 81' lang='grc' dir='ltr'>ἰοῦσα·</span> <span class='ocrx_word' id='word_1_263' title='bbox 784 2909 840 2969; x_wconf 83' lang='grc' dir='ltr'>τοῖν</span> <span class='ocrx_word' id='word_1_264' title='bbox 866 2908 897 2967; x_wconf 81' lang='grc' dir='ltr'>δὲ</span> 
     </span>
     <span class='ocr_line' id='line_1_34' title="bbox 91 2992 893 3076; baseline -0.002 -19"><span class='ocrx_word' id='word_1_265' title='bbox 91 2994 196 3075; x_wconf 84' lang='grc' dir='ltr'>οιίρέων</span> <span class='ocrx_word' id='word_1_266' title='bbox 219 2998 276 3057; x_wconf 81' lang='grc' dir='ltr'>τοῖν</span> <span class='ocrx_word' id='word_1_267' title='bbox 302 2996 451 3074; x_wconf 81' lang='grc' dir='ltr'>εἰρημένων</span> <span class='ocrx_word' id='word_1_268' title='bbox 472 2995 505 3057; x_wconf 82' lang='grc' dir='ltr'>τιί</span> <span class='ocrx_word' id='word_1_269' title='bbox 526 2994 631 3073; x_wconf 71' lang='grc' dir='ltr'>μεταξί</span> <span class='ocrx_word' id='word_1_270' title='bbox 652 2992 748 3057; x_wconf 87' lang='grc' dir='ltr'>τεδιοίς</span> <span class='ocrx_word' id='word_1_271' title='bbox 772 2996 825 3071; x_wconf 72' lang='grc' dir='ltr'>μὲν</span> <span class='ocrx_word' id='word_1_272' title='bbox 846 2998 893 3076; x_wconf 76' lang='grc' dir='ltr'>γῆ·</span> 
     </span>
     <span class='ocr_line' id='line_1_35' title="bbox 90 3080 895 3162; baseline -0.004 -17"><span class='ocrx_word' id='word_1_273' title='bbox 90 3083 205 3146; x_wconf 89' lang='grc' dir='ltr'><strong>στάδιοι</strong></span> <span class='ocrx_word' id='word_1_274' title='bbox 220 3083 251 3144; x_wconf 77' lang='grc' dir='ltr'>δί</span> <span class='ocrx_word' id='word_1_275' title='bbox 265 3084 395 3162; x_wconf 85' lang='grc' dir='ltr'>μάλιστα</span> <span class='ocrx_word' id='word_1_276' title='bbox 410 3082 521 3144; x_wconf 86' lang='grc' dir='ltr'>ε’δόκεόν</span> <span class='ocrx_word' id='word_1_277' title='bbox 535 3108 586 3160; x_wconf 93' lang='grc' dir='ltr'>μοι</span> <span class='ocrx_word' id='word_1_278' title='bbox 603 3081 681 3153; x_wconf 83' lang='grc' dir='ltr'>εἶναι,</span> <span class='ocrx_word' id='word_1_279' title='bbox 698 3084 735 3160; x_wconf 80' lang='grc' dir='ltr'>τῇ</span> <span class='ocrx_word' id='word_1_280' title='bbox 755 3080 895 3144; x_wconf 86' lang='grc' dir='ltr'>στεινότα-</span> 
     </span>
     <span class='ocr_line' id='line_1_36' title="bbox 89 3168 895 3249; baseline -0.007 -12"><span class='ocrx_word' id='word_1_281' title='bbox 89 3172 142 3237; x_wconf 87' lang='grc' dir='ltr'>τόν</span> <span class='ocrx_word' id='word_1_282' title='bbox 154 3176 226 3245; x_wconf 87' lang='grc' dir='ltr'>ε’στι,</span> <span class='ocrx_word' id='word_1_283' title='bbox 247 3172 396 3249; x_wconf 90' lang='grc' dir='ltr'>διηκοσίων</span> <span class='ocrx_word' id='word_1_284' title='bbox 413 3171 446 3233; x_wconf 77' lang='grc' dir='ltr'>οὗ</span> <span class='ocrx_word' id='word_1_285' title='bbox 461 3171 576 3234; x_wconf 89' lang='grc' dir='ltr'>πλείους</span> <span class='ocrx_word' id='word_1_286' title='bbox 592 3174 622 3231; x_wconf 80' lang='grc' dir='ltr'>ἐκ</span> <span class='ocrx_word' id='word_1_287' title='bbox 638 3172 689 3230; x_wconf 88' lang='grc' dir='ltr'><strong>τοιῖ</strong></span> <span class='ocrx_word' id='word_1_288' title='bbox 700 3168 838 3247; x_wconf 83' lang='grc' dir='ltr'>Ἀραβίου</span> <span class='ocrx_word' id='word_1_289' title='bbox 851 3169 895 3231; x_wconf 80' lang='grc' dir='ltr'>οὔ·</span> 
     </span>
     <span class='ocr_line' id='line_1_37' title="bbox 89 3256 896 3341; baseline -0.006 -15"><span class='ocrx_word' id='word_1_290' title='bbox 89 3284 155 3341; x_wconf 78' lang='grc' dir='ltr'>ρεος</span> <span class='ocrx_word' id='word_1_291' title='bbox 167 3264 197 3326; x_wconf 70' lang='grc' dir='ltr'>ἐς</span> <span class='ocrx_word' id='word_1_292' title='bbox 207 3259 242 3323; x_wconf 87' lang='grc' dir='ltr'>τιί</span> <span class='ocrx_word' id='word_1_293' title='bbox 253 3258 382 3337; x_wconf 80' lang='grc' dir='ltr'>λιβυκδν</span> <span class='ocrx_word' id='word_1_294' title='bbox 393 3257 573 3335; x_wconf 79' lang='grc' dir='ltr'>κολαίμενον·</span> <span class='ocrx_word' id='word_1_295' title='bbox 594 3256 628 3317; x_wconf 78' lang='grc' dir='ltr'>τὰ</span> <span class='ocrx_word' id='word_1_296' title='bbox 639 3256 669 3317; x_wconf 79' lang='grc' dir='ltr'>δὲ</span> <span class='ocrx_word' id='word_1_297' title='bbox 682 3256 807 3318; x_wconf 82' lang='grc' dir='ltr'>ε’νθειῖτεν</span> <span class='ocrx_word' id='word_1_298' title='bbox 819 3256 896 3322; x_wconf 81' lang='grc' dir='ltr'>αἰτις</span> 
     </span>
    </p>
   </div>
   <div class='ocr_carea' id='block_1_2' title="bbox 0 0 1080 3500">
    <p class='ocr_par' dir='ltr' id='par_1_2' title="bbox 0 0 1080 3500">
     <span class='ocr_line' id='line_1_38' title="bbox 0 0 1080 3500; baseline 0 0"><span class='ocrx_word' id='word_1_299' title='bbox 0 0 1080 3500; x_wconf 95' lang='lat' dir='ltr'> </span> 
     </span>
    </p>
   </div>
  </div>
 </body>
</html>
