2150 3500
148 85 183 134 20
459 85 643 136 ‘HPOAO'PO‘P
918 80 968 146 [Ῑ.

150 167 201 244 μέν
209 164 356 227 ’.Επίστιον
365 166 480 238 καλέων,
490 165 562 228 διότι
574 166 609 243 δη
623 165 736 225 οἰκίοισι
747 162 972 240 άποδεξάμενος

148 253 199 314 τόν
214 253 303 324 ξεῖνον
321 256 411 331 φονέα
425 258 477 315 τοΐ
491 255 591 318 παιδός
607 253 740 314 ἐλάνθανε
754 251 878 328 βόσκων·
903 251 969 312 τόν

149 340 181 400 δὲ
191 339 356 419 Ἑταιρήῖον,
371 341 408 406 ώς
422 341 537 419 φύλακα
553 342 725 420 συμπέμψας
739 339 824 400 αι’πδν
838 338 966 416 εύρήκοι

101 430 140 488 45
147 428 378 512 πολεμιώτατον.)
420 434 563 508 Παρῆσαν
582 431 613 490 δέ
631 428 702 506 μετά
718 431 801 488 τοῦτο
819 431 846 487 οἱ
861 427 964 487 Λυδοὶ

150 517 282 625 φέροντες
298 515 347 578 τόν
363 517 468 596 νεκράν·
487 517 591 578 ὄπισθε
608 517 639 577 δὲ
654 515 746 576 είπετό
762 519 789 576 οἱ
806 515 823 576 ά
839 515 959 591 φονεύς·

149 601 221 668 στάς
246 602 334 665 δὲ
301 631 381 669 ουτος
406 631 461 684 προ
483 611 535 666 τοῦ
554 609 660 684 νεκροῦ,
683 604 862 682 παρεδώου“
850 603 962 665 εωυτδν

149 693 266 772 Κροίσῳ
285 695 434 770 προτείνων
456 693 507 758 τάς
529 698 632 802 χεῖρας,
654 691 878 804 ἐπικαταρφάξαι
901 719 959 769 μιν

149 779 325 841 κελεύων
286 808 325 861 τω
345 785 437 861 νεκρῷ,
446 782 554 895 λέγων
567 781 620 857 τήν
639 807 671 841 τε
689 781 826 858 προτέρην
849 783 957 840 ἐωιπου

81 882 84 888 ’
148 867 309 946 συμφορὴν,
324 870 370 928 καὶ
389 869 424 932 ώς
440 868 482 928 ἐπ’
495 871 584 949 ἐκείνη
598 868 649 930 τόν
664 867 822 947 καθήραντα
839 866 954 927 ἀπολω-

73 951 77 956 ’
149 957 237 1019 λεκώς
250 957 301 1033 εἴη·
318 955 382 1016 οὐδέ
391 960 418 1016 οἳ
432 956 474 1033 ε’ίη
487 957 638 1035 βιώσιμον.
670 961 795 1034 Κροῖσος
804 955 835 1015 δέ
845 953 954 1016 τούτων

148 1039 277 1113 οἰκούσας,
293 1043 343 1104 τόν
361 1070 393 1104 τε
407 1043 568 1122 Ἄδρηστον
586 1045 764 1121 κατοικτείρει
784 1044 882 1122 καίπερ
897 1044 954 1104 ε’ὢν

149 1134 179 1188 ἐν
191 1135 265 1210 κακῷ
274 1133 366 1212 οἰκηίῳ
378 1131 511 1212 τοσούτῳ,
523 1133 570 1192 καὶ
581 1132 659 1213 λέγει
670 1131 741 1210 πρός
753 1129 846 1192 αύτόν·
864 1132 952 1210 *(ἐχω,

149 1215 170 1276 ὦ
186 1217 265 1289 ξεῖνε,
277 1219 355 1297 παρά
371 1224 423 1281 σεδ
438 1223 535 1281 πᾶσαν
551 1218 604 1296 τήν
619 1220 705 1296 δίκην,
719 1218 812 1295 ἐπειδὴ
826 1222 953 1279 σεωυτοῦ

148 1307 335 1379 καταδικάζεις
355 1307 483 1370 θάνατον·
505 1307 545 1372 είς
567 1308 597 1368 δὲ
620 1307 653 1367 ού
673 1306 711 1368 σύ
729 1333 779 1384 μοι
798 1307 879 1366 τοῦδε
896 1312 953 1368 τοῦ

149 1398 235 1454 κακοῦ
247 1396 342 1466 α’ίτιος,
354 1387 378 1454 εί
389 1396 429 1473 μη
440 1395 510 1456 ὅσον
519 1394 607 1455 α’έκων
620 1394 782 1476 ἐξεργάσαο,
791 1393 868 1454 άλλά
879 1395 953 1456 θεῶν

149 1481 199 1540 κού
210 1507 253 1546 τις
268 1481 299 1546 ὅς
314 1508 363 1560 μοι
380 1483 426 1541 καὶ
441 1480 531 1541 πάλαι
548 1481 739 1559 προεσήμαινε
754 1482 790 1542 τά
804 1483 953 1558 μέλλοντα

148 1568 290 1630 ἔσεσθαι.”
330 1571 457 1647 Κροῖσος
472 1570 524 1647 μέν
539 1596 588 1630 νυν
603 1570 691 1648 ἔθαψε
707 1569 744 1634 ώς
760 1569 834 1634 οἶκός
851 1568 953 1645 ἦντάν

148 1659 248 1716 έωυτοΰ
263 1657 356 1717 παῖδα
393 1655 554 1735 Ἄδρηστος
569 1658 599 1718 δέ
616 1657 633 1719 ὁ
649 1658 768 1735 Γορδίεω
780 1661 831 1718 τοῦ
843 1659 951 1730 Μίδεω,

148 1742 229 1809 οὗτος
238 1743 273 1821 δή
283 1745 300 1806 ά
311 1743 411 1822 φονεύς
422 1748 474 1823 μὲν
482 1750 533 1807 τοῦ
544 1750 644 1807 ἑωυτοῦ
652 1744 953 1829 α’δελφεοῦγενόμενος

147 1832 249 1908 φονεύς
268 1834 299 1893 δέ
317 1838 368 1893 τοῦ
388 1833 566 1913 καθήραντος.
583 1835 646 1895 ἐπεί
661 1860 693 1896 τε
708 1834 815 1914 ἡσυχίη
830 1839 886 1896 τών
901 1834 953 1897 οἷν·

148 1920 263 1997 θρώπων
277 1923 384 2003 ἐγένετο
399 1924 464 1999 περὶ
478 1922 512 1983 τά
528 1926 617 2000 σῆμα,
631 1922 890 2005 συγγινωσκόμενος
901 1922 951 1985 άν-

148 2007 263 2085 θρώπων
283 2009 426 2071 εἶναιτῶν
445 2008 528 2074 αὐτάς
548 2008 621 2086 ἤειδε
641 2010 948 2088 βαρυσυμφορώτατος,

148 2096 247 2157 ἐωντάν
264 2096 540 2177 ἐπικατασφάζειτῷ
556 2098 665 2179 τύμβῳ.
707 2100 832 2176 Κροῖσος
851 2098 881 2158 δέ
901 2101 950 2159 ἐπὶ

147 2182 197 2243 δύο
220 2186 281 2245 ἔτεα
307 2191 336 2246 ἐν
361 2187 457 2247 πένθεϊ
481 2184 596 2266 μεγάλω
619 2188 754 2263 καθῆστο,
777 2190 827 2247 τοῦ
849 2187 951 2253 παιδός

147 2274 337 2349 ἐστερημένος·
363 2272 434 2350 μετά
453 2273 491 2343 δὲ,
507 2273 527 2348 ἤ
546 2272 707 2356 Ἀσιυάγεω
725 2276 775 2334 τοῦ
795 2274 950 2353 Κυαξάρεω

146 2358 281 2440 ἡγεμονίη
299 2362 494 2437 καταιρεθεῖσα
513 2360 569 2420 ὖπά
587 2360 682 2439 Κύρου
701 2364 752 2421 τοῦ
772 2362 948 2439 Καμβύσεω,
973 2439 975 2442 v
1048 2427 1049 2430 ,

149 2446 242 2506 καῖτοὶ
256 2450 312 2507 τών
325 2448 458 2523 Περσέων
470 2447 623 2528 πρήγματα
638 2446 818 2526 αύξανόμενα,
832 2451 950 2515 πένθεος

146 2536 198 2610 μέν
214 2536 341 2609 Κροῖσον
359 2532 513 2615 ἀπέπαυσε·
536 2536 655 2612 ἐνέβησε
672 2536 703 2595 δέ
721 2542 748 2600 ἐς
766 2537 909 2613 φροντίδα,
923 2540 953 2599 εἴ

147 2644 200 2685 Ικως
217 2620 335 2692 δύναιτο,
351 2620 418 2699 πρὶν
434 2622 575 2703 μεγάλους
591 2625 724 2704 γενέσθαι
739 2623 805 2701 τούς
822 2624 947 2702 Πέρσας,

149 2710 321 2786 καταλαβεῖν
333 2708 422 2769 αὐτῶν
435 2708 621 2787 αὐξανομένην
632 2710 685 2789 την
697 2710 821 2788 δύναμιν.

99 2800 138 2857 46
188 2796 270 2857 Μετά
289 2795 326 2857 ὧν
341 2795 395 2872 τὴν
407 2795 529 2857 διάνοιαν
543 2798 645 2875 ταύτην
661 2798 760 2858 αύτίκα
778 2798 947 2876 ἀπεπειρᾶτο

146 2889 202 2945 τῶν
213 2884 360 2963 μαντηίου,
373 2887 428 2944 τῶν
439 2909 471 2943 τε
487 2888 516 2944 ἐν
528 2883 657 2962 Ἕλλησι
670 2886 716 2945 καὶ
730 2888 782 2945 τοῦ
797 2890 826 2945 ἐν
836 2886 946 2965 Λιβύη,

148 2972 306 3050 διαπέμψας
321 2971 425 3034 ἄλλους
440 2968 525 3048 άλλη,
539 2970 603 3034 τούς
617 2974 668 3048 μὲν
684 2977 712 3035 ἐς
729 2971 862 3046 Δελφούς
878 2974 947 3033 ἱέναι

147 3059 212 3121 τούς
225 3060 255 3117 δὲ
267 3064 295 3122 ἐς
301 3058 397 3136 Ἄβας
408 3056 458 3121 τάς
470 3058 585 3117 Φωκέων
597 3057 662 3121 τούς
675 3058 704 3117 δὲ
717 3064 744 3121 ἐς
757 3059 902 3135 Δωδώνην·
920 3064 948 3120 οἶ

149 3144 181 3203 δέ
195 3170 266 3208 τινες
284 3147 440 3222 ἐπέμποντο
460 3144 537 3221 παρά
555 3170 587 3205 τε
605 3144 784 3222 Ἀμφιάρεων
804 3146 850 3204 καὶ
869 3147 948 3224 παρά

147 3230 316 3307 Τροφώνιον,
328 3235 355 3291 οἱ
364 3232 393 3291 δὲ
404 3235 455 3307 τῆς
464 3232 611 3308 Μιλησίης
621 3236 648 3294 ἐς
660 3233 828 3313 Βραγχιδας.
858 3238 948 3294 ταῦτα
