2150 3500
158 108 206 154 τοι
363 88 366 92 ’
458 107 633 156 ανοοουου
901 103 966 168 [w.

156 185 321 267 γέφυραν,ἣ
334 191 383 248 καί
391 214 420 249 τι
427 186 509 248 Ἴωσι
521 187 601 257 δόξαι
613 185 646 247 τδ
659 185 749 264 ἧμέας
763 184 873 246 οἷόντε
886 187 968 246 ἔσται

111 276 168 334 135
178 275 411 356 ἐξεργάσασθαι.”
442 275 579 353 Γωβρύης
591 277 643 352 μὲν
655 279 745 336 ταῦτα
758 273 967 350 συνεβούλευε·

156 363 229 439 μετα
254 363 292 434 δέ,
314 365 364 434 νύξ
388 390 419 424 τε
442 365 552 446 ἐγένετο
580 364 625 422 καὶ
652 367 773 441 Δαρεῖος
802 366 911 441 ἐχρᾶτο
930 368 967 442 τῇ

158 450 254 532 γνώμῃ
266 451 363 531 ταύτῃ·
383 452 447 516 τούς
464 455 516 529 μὲν
535 451 710 528 καματηρούς
724 455 781 510 τῶν
795 449 967 528 ἀνδρῶνκαὶ

157 544 212 600 τῶν
237 539 273 615 ἦν
299 540 450 619 ἐλάχιστος
476 540 681 618 ἀπολλυμένων
705 539 803 620 λόγος,
828 540 877 598 καὶ
903 541 967 604 τούς

159 626 238 692 ὅνους
257 628 363 692 πάντας
383 628 552 706 καταδήσας,
567 629 698 688 κατέλιπε
718 627 808 687 αύτοΐ
828 627 919 708 ταύτῃ
937 635 967 690 ἐν

157 720 195 795 τῷ
220 718 411 797 στρατοπέδῳ.
452 718 587 777 κατέλιπε
613 717 643 776 δὲ
668 715 732 780 τούς
756 742 788 776 τε
813 715 898 780 ὄνους
921 719 967 777 καὶ

156 805 220 868 τούς
241 805 378 870 ἀσθενέας
403 811 454 883 τῆς
474 809 609 884 στρατιῆς
628 805 713 865 τῶνδε
734 805 849 864 εἵνεκεν·
874 806 920 865 ἵνα
940 810 966 866 οἱ
1061 879 1062 882 ¹

156 895 208 969 μὲν
221 892 280 954 όνοι
289 895 365 971 βοὴν
377 897 561 974 παρέχωνται·
576 897 603 954 οἱ
616 894 646 953 δέ
659 892 801 970 ἅνθρωποι
815 892 966 970 ἀσθενείης
1061 895 1062 984 ξ

158 985 211 1056 μὲν
244 983 345 1043 εἵνεκεν
378 984 570 1052 κατελίποντο,
602 980 765 1059 προφάσιος
799 981 831 1040 δὲ
865 983 965 1058 τῆσδε·
1057 993 1062 1002 ”

160 1069 268 1146 δηλαδῆ
294 1070 377 1135 αύτδς
403 1074 455 1147 μὲν
481 1070 536 1130 σύν
562 1075 600 1150 τῷ
627 1070 738 1148 καθαρῷ
762 1074 815 1135 τοῦ
838 1075 967 1147 στρατοῦ

158 1157 345 1232 ἐπιθήσεσθαι
370 1161 475 1235 μέλλοι
500 1163 578 1219 τοῖσι
605 1158 740 1236 Σκύθησι,
766 1155 845 1216 οὗτοι
874 1159 906 1217 δὲ
931 1165 966 1219 τὸ

159 1245 351 1321 στρατόπεδον
376 1250 476 1306 τοῦτον
501 1245 554 1307 τόν
580 1245 681 1325 χρόνον
706 1247 832 1322 ῥυοίατο.
874 1251 965 1307 ταῦτα

158 1337 234 1392 τοῖσι
256 1333 505 1411 ὑπολειπομένοισι
530 1334 701 1412 ὑποθέμενος
727 1333 742 1392 ὁ
767 1337 891 1411 Δαρεῖος
917 1337 965 1395 καὶ

157 1421 233 1498 πυρὰ
264 1422 409 1494 ἐκκαύσας,
437 1423 490 1499 την
518 1423 657 1502 ταχίστην
684 1423 811 1502 ἐπείγετο
839 1423 887 1481 ἐπὶ
913 1423 965 1484 τόν
1061 1465 1062 1486 ι

152 1506 278 1586 Ἴστρον·
305 1514 332 1570 οἱ
351 1511 382 1570 δὲ
401 1509 460 1570 όνοι
480 1507 665 1586 ἐρημωθέντες
684 1513 735 1569 τοῦ
755 1509 869 1587 ὁμίλου,
891 1510 963 1570 οὕτω

157 1599 210 1672 μὲν
223 1596 257 1672 δή
269 1602 384 1673 μᾶλλον
396 1602 496 1677 πολλῷ
509 1598 588 1658 ἵεσαν
600 1601 650 1674 τῆς
663 1601 767 1674 φωνῆς·
787 1596 963 1663 α’κούσαντες

157 1683 188 1741 δὲ
201 1686 227 1742 οἱ
241 1684 347 1748 Σκύθαι
360 1690 417 1746 τῶν
429 1685 508 1758 ὄνων,
521 1685 618 1767 πάγχυ
639 1685 708 1746 κατὰ
728 1684 824 1767 χώρην
839 1686 963 1763 ἤλπιζον

113 1774 168 1831 136
177 1772 241 1834 τούς
254 1774 369 1849 Πέρσας
383 1774 462 1834 εἶναι.
495 1774 619 1852 Ἡμέρης
632 1774 662 1833 δὲ
674 1775 832 1855 γενομένης,
846 1775 963 1855 γνόντες
1061 1806 1062 1823 ³

159 1860 187 1917 οἱ
198 1858 416 1936 ύπολειφθέντες
430 1862 466 1926 οἷς
478 1862 677 1940 προδεδομένοι
691 1862 744 1921 εἶεν
757 1862 813 1921 ύπὸ
829 1866 961 1941 Δαρείου,
1061 1854 1062 1907 λ

157 1946 252 2025 χεῖράς
264 1974 295 2007 τε
309 1951 501 2025 προετείνοντο
519 1953 596 2009 τοῖσι
610 1948 738 2027 Σκύθησι
751 1951 797 2007 καὶ
812 1951 913 2031 ἔλεγον
924 1952 963 2012 τά

159 2034 322 2111 κατήκοντα·
350 2040 377 2097 οἱ
392 2038 423 2097 δὲ
443 2037 480 2101 οἷς
497 2035 625 2111 ἤκουσαν
639 2040 736 2106 ταῦτα,
752 2037 805 2113 τήν
820 2040 962 2116 ταχίστην
1061 2040 1062 2091 ἶ

158 2126 376 2201 συστραφέντες,
394 2125 426 2183 αἴ
437 2150 468 2184 τε
484 2123 533 2182 δύο
549 2127 648 2201 μοῖραι
665 2128 721 2184 τῶν
739 2126 868 2189 Σκυθέων
882 2127 962 2204 καὶὴ

157 2211 218 2286 μία,
232 2212 409 2290 Σαυρομάται
427 2212 472 2269 καὶ
490 2211 620 2271 Βουδῖνοι
636 2213 682 2271 καὶ
700 2213 832 2282 Γελωνοὶ,
846 2214 962 2276 ἐδίωκον

157 2297 223 2359 τούς
236 2301 350 2374 Πέρσας
364 2298 408 2357 ίθι)
425 2302 475 2357 τοῦ
489 2297 617 2375 Ἴστρου·
637 2298 687 2359 ἅτε
703 2300 734 2359 δὲ
748 2305 799 2359 τοῦ
813 2306 962 2377 Περσικοῦ

157 2387 209 2459 μὲν
221 2389 271 2445 τοῦ
283 2389 394 2445 πολλοῦ
408 2386 502 2450 ἐόντος
512 2388 600 2459 πεζοῦ
612 2393 735 2465 στρατοῦ
747 2383 800 2447 Ικαὶ
813 2388 865 2452 τὰς
878 2389 965 2455 ὁδούς

157 2470 207 2529 ούκ
221 2475 414 2548 ἐπισταμένου,
427 2473 500 2533 ὥστε
511 2474 543 2533 ού
557 2475 734 2552 τετμημένων
745 2481 801 2537 τῶν
814 2475 896 2547 όδῶν,
909 2482 960 2538 τοῦ

157 2558 186 2616 δὲ
213 2559 349 2621 Σκυθικοῦ
377 2560 499 2621 ἱππότεω
525 2564 572 2621 καὶ
597 2564 633 2623 τὰ
661 2564 788 2641 σύντομα
813 2568 865 2641 τῆς
893 2560 960 2626 ὁδοῦ
1061 2584 1062 2633 ἶ

157 2645 352 2722 ἐπισταμένου,
367 2647 538 2725 ἁμαρτόντες
556 2651 700 2727 ἀλλήλων,
714 2653 845 2729 ἔφθησαν
857 2658 961 2734 πολλῷ

157 2737 183 2793 οἱ
195 2734 302 2798 Σκύθαι
314 2735 379 2799 τούς
392 2736 508 2814 Πέρσας
521 2738 568 2798 ἐπὶ
580 2739 632 2814 την
643 2739 771 2821 γέφυραν
784 2740 959 2818 ἀπικόμενοι,

156 2822 293 2898 μαθόντες
314 2824 344 2883 δέ
358 2825 422 2889 τούς
441 2826 559 2903 Πέρσας
577 2826 647 2885 ούκω
669 2826 838 2909 ἀπιγμένους
859 2831 960 2911 ἔλεγον

155 2911 226 2985 πρὸς
252 2912 316 2974 τούς
336 2911 434 2977 Ἴωνας
454 2912 550 2977 ἐόντας
576 2920 605 2974 ἐν
627 2918 696 2992 τῇσι
718 2917 809 2991 νηυσί·
840 2917 960 2996 “όνδρες

150 2992 251 3064 Ἴωνες,
270 2999 304 3055 αἵ
318 3024 349 3057 τε
368 3000 470 3077 ἡμέραι
491 3000 556 3077 ὑμῖν
576 3005 628 3060 τοῦ
650 3002 771 3079 α’ριθμοῦ
792 3003 957 3083 διοίχηνται,

155 3080 201 3135 καὶ
228 3081 261 3137 ού
280 3083 389 3143 ποιέετέ
407 3112 441 3165 γε
461 3088 553 3145 δίκαια
574 3089 613 3146 ἔτι
634 3090 851 3165 παραμένοντες·
881 3091 958 3162 ἀλλ’,

153 3164 213 3261 ἐπεὶ
238 3166 375 3241 πρότερον
395 3171 579 3246 δειμαίνοντες
607 3174 725 3250 ἐμένετε,
748 3181 797 3237 νῦν
817 3177 959 3243 λύσαντες

151 3264 202 3298 Τθν
217 3246 306 3319 πόρον
325 3253 377 3324 τήν
393 3257 533 3333 ταχίστην
548 3258 630 3319 α”πιτε
642 3263 788 3339 χαίροντες
802 3264 957 3349 ἐλεύθεροι2
