2150 3500
104 132 249 197 ιιι-ιιι]
453 134 567 187 mm.
876 139 910 188 οι

103 215 283 290 τελευτῆσαι·
297 212 425 292 ἱστόρεόν
436 240 468 276 τε
485 213 553 294 ὅτεῳ
568 215 663 296 τρόπῳ
678 216 872 297 περιγένοιτο;
891 215 910 276 δ

103 300 136 360 δέ
156 306 214 377 σφι
235 301 323 383 ἔλεγε,
345 299 402 378 φάς
420 299 477 380 πρδ
497 307 548 362 τοῦ
567 305 620 380 μέν
640 302 690 362 ούκ
710 302 811 363 εἰδέναι
831 302 911 365 άλλθ.

101 385 295 466 ἡμαρτηκέναι
307 393 453 460 πλεῖστον,
467 388 526 449 κατ’
539 389 605 451 ὁδόν
616 390 648 451 δέ
659 391 800 452 πυθέσθαι
811 396 910 452 πᾶσαν

101 474 156 550 τήν
169 479 269 536 ἑωυτοῦ
281 474 384 552 πάθην·
402 477 574 538 ἐπίστασθαι
585 479 637 554 μὲν
648 477 704 559 γάρ
717 477 754 540 οἷς
765 477 909 554 βουκόλου

100 567 154 623 τοῦ
166 561 339 645 Ἀστυάγεος
354 564 397 641 ε’ίη
412 568 487 636 παῖς,
500 563 557 625 οἷπῦ
572 565 603 625 δὲ
613 569 665 641 τῆς
678 566 768 626 κεῖθεν
780 565 846 626 ὁδοῦ
858 565 909 627 τόν

99 649 196 712 πάντα
213 649 302 733 λόγον
320 655 376 712 τιῦν
394 656 516 730 πομπῶν
537 652 688 713 πυθέσθαι·
714 657 856 730 τραφῆναι
878 652 909 714 δὲ
941 655 944 658 ⁴

99 738 185 820 ἔλεγε
195 737 251 799 ῦπδ
262 742 314 816 τῆς
324 743 375 798 τοῦ
386 738 531 815 βουκόλου
546 739 685 821 γυναικός·
698 738 745 817 ἤῖέ
758 765 790 800 τε
805 739 909 818 ταύτην

99 826 200 886 αἰνέων
215 823 262 886 διαὶ
275 825 389 890 παντός·
408 825 445 903 ἧν
459 828 493 888 τέ
505 831 532 887 οἱ
545 833 575 888 ἐν
586 831 624 907 τῳ
637 826 715 908 λόγῳ
729 825 767 888 τά
780 826 873 888 πάντα
889 828 909 905 ἦ

99 912 197 973 Κυνοί.
238 916 266 973 οἶ
279 913 309 974 δέ
316 913 411 978 τοκέες
422 913 640 992 παραλαβόντες
651 914 685 976 τό
698 914 804 992 οὔνομα
815 920 908 987 τοῦτο,

99 999 150 1060 ἵνα
165 1001 309 1079 θειοτέρως
326 1001 408 1081 δοκέῃ
422 1007 500 1063 τοῖσι
516 1003 653 1082 Πέρσησι
668 1003 806 1082 περιεῖναί
819 1004 909 1079 σφιό

97 1091 178 1160 παῖς,
199 1089 359 1166 κατέβαλον
380 1089 523 1167 φάτιν-οῦς
545 1091 701 1168 ἐκκείμενον
721 1095 817 1168 Κῦρον
837 1090 908 1152 κύων

98 1175 245 1255 ἐξέθρεψε.
285 1178 410 1239 ἐνθεῦτεν
421 1182 473 1255 μὲν
484 1177 504 1254 ἦ
518 1176 602 1254 φάτις
614 1176 684 1253 αῦτη
697 1178 846 1256 κεχώρηκε.

143 1262 228 1344 Κύρῳ
248 1264 279 1325 δὲ
298 1263 470 1344 ἀνδρευμένῳ
490 1266 537 1325 καὶ
558 1263 630 1325 ἐόντι
646 1268 703 1325 τιῦν
718 1265 823 1340 ἡλίκων
841 1263 955 1327 ‹iv-123

98 1349 252 1432 δρειυτάτῳ
267 1352 314 1412 καὶ
329 1349 572 1431 προσφιλεστάτῳ
588 1351 756 1429 προσέκειτο
771 1350 908 1430 ῦἈρπα·
947 1417 950 1423 ,

61 1488 65 1496 .
86 1463 153 1520 ·γυς
172 1439 247 1518 διῦρα
266 1440 392 1518 πέμπων,
407 1440 547 1501 τίσασθαι
561 1437 722 1519 Ἀστυάγεα
742 1439 907 1517 ἐπιθυμέων.

98 1524 151 1586 ἀπ’
164 1529 265 1588 ἑωυτοῦ
276 1526 342 1608 γάρ,
353 1526 447 1591 ἐόντος
463 1525 582 1599 ἰδιάτεω,
597 1525 647 1587 οῦκ
660 1525 762 1605 ἐνεοίρα
773 1528 907 1605 τιμωρίην

98 1615 240 1693 ἐσομένην
260 1620 289 1680 ἐς
303 1613 471 1696 Ἀστυάγεα·
493 1619 590 1692 Κῦρον
610 1614 640 1675 δὲ
659 1613 745 1693 ὁρέων
761 1615 908 1694 ἐπιτρεφό-

79 1705 187 1781 ’μενον
196 1702 319 1767 ἐποιέετο
332 1702 492 1785 σύμμαχον,
501 1702 553 1767 τὰς
564 1701 657 1766 πάθας
669 1701 719 1767 τὰς
731 1701 827 1782 Κύρου
838 1709 907 1784 τῇσι

97 1794 204 1851 ἑαυτοῦ
231 1790 421 1869 ὁμοιούμενος.
463 1790 520 1869 πρῦ
546 1789 570 1851 δ’
596 1792 637 1852 ἔτι
661 1790 762 1852 τούτου
786 1791 854 1852 τάδε
879 1796 907 1851 οἱ

98 1879 287 1961 κατέργαστο·
308 1879 401 1943 ἐόντος
419 1884 470 1940 τοῦ
485 1877 659 1960 Ἀστυάγεος
677 1883 778 1957 πικροῦ
797 1884 825 1943 ἐς
840 1879 906 1945 τοῦς

97 1966 226 2042 Μήδους,
248 1968 417 2050 συμμίσγων
442 1968 483 2028 ἑνὶ
508 1966 616 2046 ἑκάστῳ
642 1965 826 2048 ὁἈρπαγος
849 1972 906 2029 τιῦν

96 2052 217 2133 πρώτων
238 2054 352 2131 Μήδων,
376 2054 503 2117 ἀνέπειθε
526 2054 562 2117 οῦς
583 2053 640 2132 χρὴ
663 2059 759 2131 Κῦρον
780 2080 905 2132 προστη-

98 2142 241 2220 σαμένους
267 2142 317 2204 τόν
340 2141 501 2225 Ἀστυάγεα
528 2146 638 2201 παῦσαι
662 2146 713 2217 τῆς
737 2141 904 2218 βασιληίης.

98 2230 339 2311 κατειργασμένου
364 2230 397 2292 δέ
421 2233 449 2290 οἱ
473 2228 573 2291 τούτου
597 2228 645 2288 καὶ
667 2227 760 2291 ἐόντος
783 2228 903 2306 ἑτοίμου,

98 2317 172 2378 οὕτω
192 2316 227 2394 δὴ
247 2321 286 2397 τῷ
305 2318 389 2398 Κύρῳ
409 2316 576 2397 διαιτωμένῳ
596 2320 626 2376 ἐν
645 2316 779 2395 Πέρσῃσι
797 2315 904 2393 βουλό-

96 2430 183 2482 μενος
211 2403 394 2487 όἍρπαγος
422 2406 551 2481 δηλῶσαι
577 2402 630 2481 τὴν
656 2406 757 2464 ἑωυτοῦ
780 2402 902 2486 γνάμην,

97 2491 265 2575 άλλωςμέν
285 2492 412 2571 οὗδαμῦς
431 2493 497 2572 εἶχε,
518 2492 568 2553 ἅτε
586 2496 642 2553 τῦν
660 2491 732 2553 ὁδῶν
751 2496 902 2569 φυλασσο-

96 2581 197 2658 μένων,
212 2580 228 2641 ό
247 2582 277 2641 δέ
295 2585 472 2661 ἐπιτεχνᾶται
489 2579 607 2642 τοιόνδε·
627 2581 718 2662 λαγόν
736 2580 902 2660 μηχανησό-

96 2694 189 2745 μενος,
202 2668 250 2729 καὶ
262 2667 422 2748 άνασχίσας
435 2666 536 2730 τούτου
551 2667 603 2744 τὴν
617 2669 744 2750 γαστέρα
760 2670 806 2728 καὶ
822 2668 901 2729 οῦδὲν

96 2755 245 2827 α’ποτίλας,
259 2756 295 2820 (ῦς
306 2756 337 2817 δὲ
350 2757 416 2837 εἶχε,
431 2754 501 2817 οὕτω
517 2757 635 2832 ἐσέθηκε
646 2758 776 2834 βιβλίον,
788 2756 901 2838 γράψας

94 2843 134 2904 τά
149 2846 177 2903 οἶ
193 2843 293 2904 ἐδόκεε·
314 2842 480 2922 ἀπορράψας
492 2843 523 2904 δὲ
535 2847 586 2903 τοῦ
598 2847 689 2924 λαγοῦ
701 2843 753 2919 τὴν
764 2844 899 2924 γαστέρα,

96 2932 145 2992 καὶ
157 2931 254 2991 δίκτυα
270 2931 333 2995 δοῦς
348 2930 397 2993 άτε
413 2934 533 3011 θηρευτῇ
544 2936 601 2992 τῶν
613 2931 738 2991 οἰκετέων
749 2935 787 3008 uf
799 2954 899 2989 πιστο-

94 3017 178 3099 τάτῳ,
190 3018 340 3081 ἀπέστειλε
350 3024 378 3084 ἐς
386 3019 451 3083 τοῦς
460 3020 587 3097 Πέρσας·
599 3016 790 3095 ἐντειλάμενός
803 3019 830 3075 οἷ
841 3014 898 3076 άπδ

93 3106 242 3190 γλώσσης,
260 3106 371 3169 διδόντα
388 3106 437 3168 τόν
455 3104 546 3188 λαγδν
565 3103 650 3184 Κύρῳ
670 3108 800 3176 ἐπειπεῖν,
817 3102 897 3163 αύτο-

93 3195 188 3275 χειρίη
209 3220 259 3273 μιν
285 3195 395 3267 διελεῖν,
419 3195 467 3254 καὶ
488 3192 595 3270 μηδένα
617 3196 645 3253 οἱ
664 3196 754 3253 ταῦτα
775 3195 898 3252 ποιεῦντι

93 3287 235 3361 παρεῖναι.
274 3281 369 3344 Ταῦτά
384 3308 417 3343 τε
428 3279 464 3358 δὴ
477 3280 514 3341 ὧν
526 3279 656 3341 ἐπιτελέα
671 3280 784 3361 ἐγίνετο,
797 3277 845 3339 καὶ
859 3277 944 3339 6124

964 3381 1066 3477 ι
