2150 3500
101 113 246 181 ιρι-ιιι]
451 118 565 169 mm.
876 121 908 168 ου

100 191 214 270 ἔσχατα
231 197 283 269 τῆς
301 193 402 261 πόλιος
416 197 585 269 έαλωκότων,
600 196 666 262 ταῶς
680 196 714 258 τό
730 198 820 277 μέσον
838 199 909 258 οίκέ-

102 305 188 343 οντας
211 285 266 341 τῶν
292 284 481 359 Βαβυλωνίων
507 283 541 344 06
565 285 715 358 μανθάνειν
741 286 907 362 ἑαλωκότας·

102 365 183 428 α’λλῶ
203 370 367 477 (τυχεῖν’
328 396 384 478 ηαρ
404 377 498 448 σφι’
485 376 588 432 εοῦσαν
611 371 708 452 όρτην)
732 373 857 452 χορεύειν
877 399 909 434 τε

102 459 204 515 τοῦτον
222 456 272 529 τόν
290 457 392 535 χρόνον
410 459 457 519 καὶ
473 464 503 521 ἓν
518 459 725 540 εὐπαθείῃσι’
699 485 775 532 ειναι,
791 466 818 525 ές
837 488 853 522 ο
840 461 907 538 ⁶66

104 544 152 602 καὶ
164 543 197 604 τό
211 543 299 622 κάρτα
311 545 456 608 ε’πόθοντο.

146 631 205 690 Καὶ
222 633 412 708 Βαβυλῶν
378 661 431 711 μεν
445 634 516 696 οὕτω
534 634 599 696 τότε
616 635 762 714 τρῶτον’
744 636 886 714 αραίρητο.
898 639 955 698 192

102 719 158 794 τήν
176 719 207 779 δὲ
225 719 340 798 δύναμιν
358 726 414 783 τῶν
430 723 620 800 Βαβυλωνίων
637 727 776 784 πολλοῖσι
793 726 845 801 μὲν
861 727 908 786 καὶ

102 804 223 868 ἄλλοισι
241 804 360 884 δηλώσω
382 809 438 888 ὅση
457 812 500 874 τίς
519 816 589 883 ἔστι,
611 816 641 871 έν
661 813 691 872 δὲ
711 812 745 889 66
766 814 812 888 καὶ
827 813 906 893 τῷδε·

101 896 226 971 βασιλεῖ
246 901 284 976 τῷ
305 897 421 979 μεγάλιρ
444 904 472 963 ές
492 899 603 978 τροφὴν
625 899 711 961 αὖτοΰ
732 927 764 961 τε
786 901 833 960 καὶ
856 907 907 978 τῆς

102 988 245 1064 στρατιῆς
258 985 439 1063 διαραίρηται,
460 988 552 1064 πάρεξ
569 992 620 1048 τοῦ
641 987 740 1065 φόρου,
763 992 803 1070 γη
825 992 907 1050 παῖσα

102 1070 175 1148 ὅσης
194 1071 284 1152 άρχει·
304 1073 425 1133 δυόδεκα
440 1073 478 1134 ῶν
492 1079 588 1151 μηνῶν
604 1075 703 1136 ἐόντων
717 1081 745 1140 ές
757 1076 806 1136 τόν
820 1082 906 1137 ε’νιαυ-

101 1158 162 1231 τόν,
175 1159 240 1224 τούς
254 1161 392 1238 τέσσερας
407 1165 498 1239 μῆνας
511 1163 610 1239 τρέφει
629 1188 679 1240 μιν
698 1162 717 1239 6
737 1165 907 1241 Βαβυλωνίη

39 1242 43 1246 “
101 1247 189 1327 χάρη,
202 1247 267 1312 τούς
282 1249 312 1308 δὲ
327 1249 400 1310 όκτῶ
412 1254 467 1310 τῶν
479 1254 573 1327 μηνῶν
586 1250 605 1326 6
618 1251 705 1326 λοιπὴ
719 1255 800 1310 πᾶσά
812 1250 906 1328 Ἀσίη·
965 1319 967 1323 ,

102 1335 176 1396 οὕτω
194 1338 357 1415 τριτημορίη
376 1336 396 1414 6
416 1337 556 1414 Ἀσσυρίη
572 1336 650 1417 χοίρη
668 1342 704 1417 τῇ
725 1338 838 1415 δυνάμει
856 1343 908 1414 τῆς

101 1422 196 1500 ἄλλης
206 1423 315 1516 Ἀσίης·
336 1426 383 1484 καὶ
399 1424 419 1501 6
434 1423 508 1503 άρχῆ
524 1429 576 1502 τῆς
587 1425 679 1505 χώρης
691 1424 801 1501 ταύτης,
815 1424 907 1500 τήνόἱ

102 1512 218 1590 Πέρσαι
242 1512 418 1589 σατραπηίην
441 1513 584 1582 καλέουσι,
609 1513 670 1574 ἔστι
693 1512 825 1573 ἁπασέων
850 1517 906 1574 τῶν

102 1598 212 1681 ἆρχέων
227 1599 338 1660 πολλόν
354 1625 383 1660 τι
398 1601 542 1711 κρατίστη·
563 1599 629 1660 ὅκου
642 1601 857 1710 Τριταντρίχμη
867 1606 907 1682 τῶ

100 1686 315 1801 Ἀρταβάζοῡ’
302 1713 333 1748 εκ
350 1687 529 1765 βασιλέως’
515 1713 607 1768 εχοντι
626 1688 676 1751 τόν
700 1688 787 1766 νομόν
806 1693 906 1751 τοῦτον

101 1774 236 1857 ἀργυρίου
255 1775 310 1852 μὲν
325 1774 446 1855 προσῄει
465 1775 584 1853 ἑκάστης
602 1777 708 1855 ἡμέρης
726 1776 839 1854 ἀρτάβη
857 1804 905 1856 με·

101 1887 169 1939 στη·
198 1861 229 1943 (6
249 1862 280 1922 δὲ
299 1862 420 1941 ἀρτάβη,
440 1864 544 1941 μέτρον
566 1864 612 1925 ε’ὂν
634 1864 786 1943 Περσικόν,
807 1866 906 1945 χωρέει

100 1951 237 2028 μεδίμνου
254 1949 383 2027 Ἀττικῆς
401 1954 501 2012 πλεῖον
518 1952 621 2031 χοίνιξι
639 1954 717 2030 τρισὶ
735 1952 904 2033 Ἀττικῇσι·)

102 2038 185 2098 ἵπποι
199 2039 230 2099 δὲ
241 2042 269 2099 οἶ
282 2036 366 2099 αὖτοῶ
378 2038 453 2115 ἦσαν
463 2039 526 2117 ἰδίη,
535 2038 627 2116 πάρεξ
634 2044 689 2101 τῶν
702 2043 905 2117 πολεμιστέων,

101 2129 131 2186 οἶ
151 2128 204 2203 μέν
223 2125 421 2204 ἀναβαίνοντες
441 2125 492 2189 τοῖς
512 2126 616 2202 θηλέας
636 2125 807 2197 ὀκτακόσιοι,
828 2130 859 2187 αἱ
876 2129 907 2188 δὲ

100 2213 268 2292 βαινόμεναι
287 2214 475 2294 έξακιοχίλιαι
495 2214 542 2272 καὶ
563 2213 670 2291 μύριαι·
699 2213 832 2290 ἀνέβαινε
850 2214 906 2297 γάρ

102 2297 221 2366 ἕκαστος
238 2303 297 2363 τῶν
312 2303 431 2379 ε’ρσένων
449 2300 555 2362 τούτων
574 2302 665 2361 εἴκοσι’
685 2301 796 2366 ἵππους·
818 2307 906 2364 κυνῶν

102 2389 133 2450 δὲ
151 2390 273 2451 Ἰνδικῶν
291 2393 413 2450 τοσοῦτο
431 2387 467 2465 66
486 2415 515 2449 τι
533 2390 645 2465 πλῆθος
668 2390 810 2469 έτρέφετο,
833 2390 906 2451 ὥστε

101 2478 236 2557 τέσσερες
260 2482 315 2538 τῶν
341 2482 371 2538 έν
392 2481 432 2556 τῶ
457 2477 542 2557 πεδίῳ
573 2479 664 2554 κῶμαι
691 2478 836 2560 μεγάλαι,
850 2483 905 2539 τῶν

101 2567 198 2628 ἄλλων
224 2569 322 2627 έοῦσαι
344 2565 463 2635 άτελέες,
485 2569 564 2626 τοῖσι
587 2567 653 2627 κυσὶ
676 2566 916 2647 προσετεταχάτο

101 2657 181 2715 σιτία
192 2655 335 2735 παρέχειν.
374 2656 490 2714 τοιαῦτα
505 2656 558 2730 μὲν
569 2658 608 2714 τῶ
594 2652 736 2735 ἄρχοντι
747 2659 798 2732 τῆς
810 2656 906 2732 Βαβυ-

101 2740 229 2805 λῶνος
211 2746 321 2819 υπῆρχε
343 2741 434 2802 ε’όντα.
475 2740 513 2801 H
534 2742 624 2802 δε
585 2769 623 2823 γη
648 2747 704 2803 τῶν
726 2742 953 2819 Ἀσσυρίων193

101 2829 179 2889 ὕεται
199 2854 253 2905 μεν
272 2827 368 2910 ὀλίγῳ,
390 2830 437 2890 καὶ
458 2829 493 2890 τό
516 2831 652 2938 ἐκτρέφον
672 2829 724 2904 τήν
750 2831 829 2936 ρίζαν
855 2834 907 2889 τοῦ

101 2917 185 2977 σίτου
203 2916 265 2975 ἐστὶ
279 2920 372 2975 τοῦτο·
393 2915 600 2995 ἅρδόμενον’
562 2940 658 2993 μεντοι
671 2920 702 2975 έκ
714 2920 764 2975 τοῦ
776 2920 906 2993 ποταμοῦ

100 3003 250 3081 άδριίνεταί
262 3027 295 3064 τε
311 3002 345 3063 τό
362 3001 451 3080 λη’ἶον,
469 3004 516 3063 καὶ
532 3002 715 3083 παραγίνεται
732 3001 749 3062 6
767 3005 854 3071 σῖτος,
872 3000 905 3061 06

101 3091 231 3169 κατάπερ
249 3095 279 3152 έν
300 3090 432 3172 Αἰγύπτῳ
453 3090 539 3151 airon?
564 3093 615 3150 τοῦ
638 3092 766 3166 ποταμοῦ
790 3087 907 3164 άναβαί-

100 3204 199 3244 νοντας
216 3184 245 3242 ές
261 3178 317 3242 τοὶς
328 3177 457 3257 α’ροόρας,
475 3176 554 3238 ἀλλὰ
568 3177 655 3256 χερσί
669 3201 700 3237 τε
714 3177 761 3236 καὶ
773 3176 907 3252 κηλωνηί-

101 3290 162 3327 οισι
191 3264 354 3344 ἅρδόμενος·
387 3264 407 3341 6
432 3264 488 3345 γὰρ
506 3264 692 3343 ΙΒαβυλωνίηΙ
711 3263 790 3344 χιόρη
816 3265 906 3333 πάσα,
