2150 3500
119 138 262 202 ιιι-ιιι]
467 137 582 190 mm.
889 137 920 192 τι

117 218 224 288 οἴκασι,
250 215 403 298 πρήγματα
426 220 599 298 ’παρέχοντες
624 219 672 279 καὶ
697 217 779 281 αύτοὶ
804 216 922 294 ἔχοντες.

117 305 266 388 φροντίζω,
283 304 324 382 μὴ
341 304 459 382 ἀριστον
476 305 496 384 ᾗ
514 306 808 385 ἐξανδραποδίσασθαί
821 309 923 379 σφεας.

116 393 221 472 ὁμοίως
239 393 294 474 γάρ
312 419 362 470 μοι
380 398 429 454 νῦν
441 421 476 476 γε
494 397 631 481 φαίνομαι
647 396 835 472 πεποιηκέναι,
850 392 886 456 ὦς
899 394 926 453 εί
951 438 954 442 -

115 507 161 546 τις
178 481 287 559 πατέρα
304 480 469 546 ἀποκτείνας
485 487 542 542 τοῖν
556 483 661 544 παίδων
675 483 761 543 αὐτοῦ
780 485 923 560 φείσαιτο·

117 567 156 632 (ῖς
169 569 199 628 δέ
212 569 259 628 καὶ
272 568 325 649 ἐγώ
335 569 432 630 Λυδῶν
441 570 490 631 τάν
500 571 553 646 μέν
560 571 648 631 πλέον
654 596 683 631 τι
694 569 720 646 ἢ
727 572 835 649 πατέρα
843 570 924 632 ε’όντα

117 657 156 716 σέ
174 655 274 732 λαβεῖν
286 655 354 737 ἀγω,
369 655 481 717 αύτοῖσι
499 658 529 717 δέ
545 658 665 718 Λυδοῖσι
676 658 728 734 τῆν
741 659 827 719 πόλιν
839 660 922 736 παρέ-

119 743 204 804 δωκα·
225 745 272 804 καὶ
290 745 384 804 ἔπειτα
401 744 518 821 θωμάζω
536 747 562 805 εἴ
577 771 627 822 μοι
645 745 822 816 α’πεστιῖσι;”
843 745 924 825 ὁμὲν

119 831 155 906 δή
171 831 207 891 τά
222 856 276 908 περ
292 830 352 892 νόεε
369 833 458 914 ἔλεγε·
480 832 496 893 ό
512 831 535 892 δ’
554 832 692 911 ἀμείβετο
707 834 812 904 τοῖσδε,
829 833 925 896 δείσας

119 918 163 997 μῆ
176 917 349 983 ἀναστάτους
366 919 474 1000 ποιήσῃ
486 919 536 984 τάς
550 920 660 998 Σάρδις·
681 931 699 957 “
707 920 729 980 ὦ
741 923 875 998 βασιλεῖ,
888 921 925 982 τά

120 1010 174 1084 μὲν
187 1005 283 1067 οἷκότα
298 1007 415 1084 εἴρηκας·
437 1008 475 1068 σύ
487 1009 584 1085 μέντοι
597 1009 637 1087 μῆ
651 1009 742 1070 πάντα
753 1009 831 1088 θυμῷ
839 1011 921 1088 χρέω,
954 1053 974 1089 ¹.

119 1094 191 1172 μηδὲ
209 1093 294 1155 πόλιν
309 1094 429 1174 ἀρχαίην
448 1095 641 1174 ἐξαναστήσῃς
655 1095 849 1175 ἀναμάρτητον
861 1101 923 1175 εὀιῖ·Υ

119 1207 177 1244 σαν
189 1183 235 1242 καὶ
248 1187 304 1243 ταῖν
316 1181 453 1261 πρότερον
464 1183 511 1242 καὶ
523 1187 578 1243 τοῖν
591 1187 640 1243 νῦν
651 1183 804 1263 Ιἑστεώτων·
824 1183 860 1244 τά
869 1187 922 1261 μὲν

117 1269 176 1352 γάρ
196 1269 331 1348 πρότερον
348 1270 402 1352 ἐγώ
421 1295 453 1330 τε
471 1270 585 1348 ἔπρηξα,
603 1271 649 1329 καῖ
665 1270 719 1352 ἐγώ
737 1275 791 1350 ἐμῆ
811 1275 925 1350 κεφαλῇ

119 1357 265 1436 ἀναμάξας
282 1359 367 1437 φέρω·
392 1359 427 1419 τοὶ
445 1358 475 1417 δέ
494 1362 543 1418 νῦν
557 1357 704 1434 παρεόντα,
721 1357 854 1437 Πακτύης
868 1358 924 1439 γάρ

120 1450 183 1506 ἐστι
199 1445 215 1505 ὁ
233 1445 347 1506 ἀδικέων
359 1449 398 1525 τῷ
413 1444 451 1506 σύ
468 1445 622 1524 ἐπέτρεψας
635 1443 745 1523 Σάρδις,
759 1443 840 1509 οὗτος
852 1445 923 1506 δότω

118 1559 165 1594 τοι
177 1534 264 1610 δίκην.
293 1534 413 1594 Λυδοῖσι
426 1533 456 1592 δὲ
468 1532 638 1614 συγγνώμην
651 1535 721 1612 ἔχων
732 1532 800 1597 τάδε
813 1533 925 1595 αύτοῖσι

119 1623 259 1693 ἐπίταξον,
278 1621 313 1684 αἷς
331 1620 404 1698 μῆτε
424 1620 588 1681 ἀποστέωσι
601 1620 674 1698 μήτε
687 1621 774 1682 δεινοί
789 1647 834 1682 τοι
847 1623 923 1682 ἔωσι·

119 1707 222 1770 ἄπειπε
240 1709 293 1786 μέν
313 1715 370 1786 σφι
388 1709 502 1787 πέμψας
522 1707 599 1769 ὅπλα
614 1707 703 1787 ’ἀρῆῖα
718 1708 760 1787 μῆ
778 1710 924 1787 ἐκτῆσθαι·

119 1798 217 1857 κέλευε
234 1798 265 1857 δέ
282 1803 375 1873 σφεας
392 1796 510 1876 κιθῶνάς
526 1822 558 1858 τε
577 1796 723 1858 ἀποδύνειν.
734 1802 811 1858 τοῖσι
829 1799 926 1876 εἵμασι

119 1886 168 1944 καὶ
181 1884 330 1962 κοθόρνους
340 1884 518 1945 ἀποδέεσθαι·
532 1884 649 1963 πρόειπε
662 1884 685 1945 δ’
694 1884 807 1948 αύτοῖσι
819 1887 924 1965 κιθαρί·

119 1972 177 2043 ζειν
193 1999 225 2033 τε
245 1973 292 2033 καὶ
312 1972 434 2051 ψάλλειν
451 1973 497 2032 καὶ
517 1971 685 2048 καπηλεύειν
702 1972 843 2033 παιδεύειν
858 1973 923 2037 τοιῖς

118 2060 231 2125 παῖδας·
252 2062 298 2120 καὶ
311 2061 416 2140 ταχέως
429 2061 529 2136 σφέας,
544 2058 566 2119 ὦ
578 2061 712 2137 βασιλεῦ,
725 2064 858 2141 γυναῖκας
866 2058 925 2120 ἀντ’

119 2146 227 2226 ἀνδροῖν
239 2146 322 2226 όψεαι
339 2148 499 2231 γεγονότας,
513 2146 586 2207 ὥστε
600 2146 679 2206 ούδέν
692 2146 778 2205 δεινοί
787 2172 832 2206 τοι
845 2148 923 2207 ἔσον-

118 2256 167 2295 ται
179 2236 219 2313 μῆ
232 2234 419 2297 ἀποστέωσι.”
447 2238 574 2313 Κροῖσος
585 2236 638 2311 μὲν
649 2232 685 2309 δῆ
697 2232 786 2293 ταῦτά
799 2236 826 2293 οῖ
839 2233 903 2294 ύπε-
914 2236 971 2295 156

117 2324 221 2395 τίθετο,
236 2323 402 2403 αἱρετώτερα
414 2326 502 2383 ταῦτα
516 2322 651 2400 εὖρίσκων
662 2320 782 2381 Λυδοῖσι
794 2318 813 2397 ἢ
826 2320 924 2399 ἀνδρα-

117 2412 305 2475 ποδισθέντας
324 2412 466 2489 πρηθῆναι
489 2412 591 2487 σφέας·
619 2407 804 2486 ἐπιστάμενος
824 2408 868 2469 ὅτι
889 2408 926 2486 ῆν

117 2498 161 2577 μῆ
174 2498 325 2578 ἀξιόχρεων
340 2497 487 2577 πρόφασιν
499 2499 640 2577 προτείνῃ,
653 2496 704 2558 οὐκ
716 2496 862 2560 ἀναπείσει
873 2524 924 2576 μιν

118 2586 418 2665 μεταβουλεύσασθαι,
431 2586 574 2665 ἀρρωδέων
587 2586 617 2646 δέ
628 2585 669 2663 μῆ
678 2586 724 2645 καὶ
733 2585 852 2665 ὕστερόν
862 2612 926 2647 κοτε

120 2677 149 2733 οί
171 2674 267 2746 Λυδοὶ,
288 2672 323 2752 ῆν
343 2673 376 2735 τά
396 2674 502 2751 παρεδν
523 2671 729 2752 ύπεκδράμωσι,
750 2673 926 2737 ἀποστάντες

120 2759 178 2822 ἀπό
196 2766 251 2822 τῶν
268 2761 404 2839 Περσέων
422 2760 592 2822 ἀπόλωνται.
627 2761 722 2838 Κῦρος
734 2761 764 2821 δέ
776 2762 875 2837 ἡσθεὶς
889 2765 927 2840 τῇ

120 2846 257 2929 ύποθῆκῃ,
279 2850 326 2908 καὶ
346 2848 424 2913 ύπεὶς
446 2853 497 2924 τῆς
518 2848 613 2930 ἀργῆς,
637 2851 692 2924 ἔφη
716 2847 745 2907 οῖ
763 2848 923 2907 πείθεσθαι.

121 2937 247 3001 καλέσας
264 2936 295 2997 δέ
312 2934 449 3014 Μαζάρεα
465 2936 553 3014 ἀνδρα
566 2935 675 3011 Μῆδον,
688 2932 777 2993 ταῦτά
789 2936 816 2993 οἶ
830 2934 925 2993 ἐνετεί-

121 3026 195 3083 λατο
215 3027 359 3102 προειπεῖν
379 3023 499 3083 Λυδοῖσι
518 3022 556 3083 τά
578 3021 594 3082 ἀ
615 3023 742 3098 Κροῖσος
767 3018 925 3079 ἀπετίθετο·

124 3111 262 3189 καὶπρὸς,
276 3109 567 3189 ἐξανδραποδίσασθαι
578 3106 644 3170 τούς
662 3104 770 3193 ἀλλους
781 3104 886 3167 πάντας
901 3106 929 3165 οἳ

124 3197 198 3274 μετὰ
220 3198 318 3258 Λυδῶν
339 3198 386 3258 ἐπὶ
411 3197 513 3275 Σάρδις
534 3191 765 3272 ἐστρατεύσαντο,
788 3190 872 3253 αὐτόν
898 3192 930 3252 δέ

124 3283 261 3362 Πακτύην
273 3284 381 3349 πάντως
393 3286 484 3357 ζῶντα
496 3281 612 3363 ἀγαγεῖν
623 3278 689 3347 παρ’
703 3278 812 3341 ἑωυτόν.
